3142 5166
314 389 378 452 218
749 391 930 444 tuaotroatt
947 393 1006 444 ffl.

381 610 510 673 interius
531 609 682 674 modicum
702 617 754 674 aut
774 609 861 672 valde
882 611 1011 674 tortasse
1032 611 1194 686 tremissia

381 721 419 782 nt
438 727 562 800 propter
583 725 712 794 ventum,
735 737 823 800 quem
845 719 940 784 tellus»
955 720 1014 783 ima
1035 722 1182 798 recondit,

330 829 489 893 senescis
513 848 572 909 quo
595 840 693 910 paeto,
715 829 765 892 hic
786 821 938 908 nunquam
960 831 1132 894 tremefacta
1154 833 1283 911 remugit

382 940 495 1004 Tellus.
538 939 594 1002 Hic
615 946 804 1011 tremerent,
826 938 853 1000 si
875 940 995 1018 quaudo
1017 941 1117 1020 aliqua
1139 941 1211 1006 eluit
1232 962 1353 1007 omnem

381 1051 492 1114 Lahem
514 1049 620 1122 anima,
643 1056 733 1128 utque
754 1048 813 1112 sibi
836 1048 954 1128 quando
977 1050 1109 1114 mouisse
1131 1052 1248 1115 ridetur

381 1159 432 1222 Sie
453 1179 537 1240 pura,
559 1167 593 1222 ut
614 1167 714 1237 surget
735 1158 782 1222 vel
802 1167 885 1220 motu
906 1159 1008 1222 tendat
1029 1160 1061 1222 in
1082 1160 1181 1235 ultum,

380 1269 583 1349 Mugitumque
605 1269 698 1330 istum
717 1267 940 1348 clamoremque
961 1269 1027 1350 ipsa
1050 1273 1204 1334 seeundet.

330 1384 365 1438 tto
381 1379 542 1442 Munditiae
563 1379 649 1442 testis
670 1387 774 1440 monet
793 1379 872 1440 istud
895 1378 958 1442 sola
981 1379 1124 1454 uoluntas,

381 1488 530 1552 Libertate
551 1489 654 1550 truens
677 1506 753 1569 quae
775 1487 872 1566 plena,
895 1507 1039 1568 quaerere
1061 1497 1141 1552 certa

381 1599 518 1662 Diversae
540 1598 640 1673 sedes,
662 1597 789 1660 nmmum
811 1604 939 1676 occupat
960 1608 992 1659 et
1007 1599 1092 1680 Juvat
1108 1599 1219 1680 ipsam,

380 1709 419 1770 Ut
439 1708 519 1770 velit
562 1708 639 1770 Ante
661 1706 780 1787 quidem
801 1707 877 1769 haec
896 1706 973 1782 vult3
996 1708 1050 1770 sed
1071 1727 1131 1772 non
1155 1711 1236 1772 eruit
1257 1709 1337 1772 illum

381 1818 519 1892 Mentem,
541 1835 630 1899 quam
647 1817 747 1896 inaure
764 1816 857 1897 judex
877 1817 947 1878 huic
968 1817 1189 1900 induit'aeque‚

330 1929 364 1983 ⁰⁵
381 1929 419 1990 Ut
440 1928 622 2009 delinquere,
645 1926 684 1990 ita
705 1933 736 1990 et
756 1925 880 2006 fugienti
901 1927 980 1990 haud
1002 1928 1134 2007 pendere
1154 1947 1278 2010 poenas.

422 2037 475 2099 Sic
495 2037 579 2110 mihi,
602 2035 653 2116 qui
672 2036 753 2117 jacui
775 2045 857 2100 tanto
878 2055 1017 2100 moerore
1036 2049 1175 2116 peomne

380 2148 453 2211 Pius
475 2165 564 2227 quam
586 2147 893 2226 quingentesimum,
915 2145 1006 2208 modo
1027 2155 1095 2210 nuta
1116 2149 1253 2212 volantes

381 2258 490 2322 Libera
511 2256 661 2337 persuasit
682 2254 788 2318 melius
809 2255 989 2334 conquirere
1010 2255 1112 2320 limen.
1181 2311 1185 2320 .

380 2369 458 2431 Hine
479 2365 633 2430 exauditus
655 2372 767 2426 tremor
788 2372 843 2437 est,
865 2364 1042 2445 animaeque
1063 2366 1181 2447 piorum

331 2485 365 2538 7⁰
381 2477 516 2557 Undique
538 2492 594 2555 per
614 2482 745 2536 montem
762 2473 860 2554 justas
881 2475 1050 2555 expendere
1072 2476 1176 2538 lendes

381 2587 491 2650 Rerum
513 2586 556 2648 itti
578 2585 710 2658 domino,
734 2584 784 2664 qui
805 2601 874 2646 mox
894 2583 945 2648 det
966 2585 1112 2650 scandere
1133 2587 1171 2650 ed
1192 2596 1283 2650 astra.

425 2696 478 2758 Sic
499 2697 556 2770 ait3
578 2704 609 2756 et
629 2694 771 2775 quoniam
793 2703 903 2775 quamn
925 2695 993 2774 plus
1015 2696 1095 2759 unda
1119 2696 1223 2770 sititur,

380 2805 497 2870 Potanti
519 2812 601 2866 muto
620 2804 783 2885 jucundius
804 2804 911 2868 alterat
931 2813 1055 2878 aestum,

380 2916 487 2978 Dicere
508 2913 667 2986 nescirem,
690 2921 833 2994 quantum
854 2913 913 2976 hou
934 2933 983 2976 nte
1000 2915 1111 2996 juverit
1132 2915 1162 2977 in
1184 2935 1231 2980 re·

330 3047 364 3102 75
423 3027 461 3088 nt
481 3027 588 3089 doctor
608 3023 739 3104 sophus:
761 3023 817 3086 Hie
838 3041 944 3086 rursus
961 3025 1023 3106 jam
1045 3025 1121 3089 retia
1143 3025 1238 3098 duco,
1289 3016 1295 3028 ’

382 3135 465 3210 Quae
486 3153 540 3196 roe
562 3133 613 3196 hic
633 3133 763 3214 copiunt,
786 3152 904 3214 quaque
925 3134 996 3198 hinc
1018 3134 1129 3198 elnbier
1149 3146 1212 3198 arte

379 3246 445 3309 dtus
467 3253 522 3318 est,
545 3244 624 3308 unde
646 3251 766 3318 tremor,
790 3244 862 3324 quid
883 3244 1070 3323 congaudere
1092 3245 1207 3308 soletis.

380 3355 466 3417 Nunc
486 3361 515 3416 te
536 3373 576 3421 ue
597 3354 706 3436 pigent,
729 3354 781 3434 qui
803 3353 856 3428 sis,
878 3354 952 3416 mihi
974 3355 1083 3428 dicere,
1106 3373 1223 3435 quaque

298 3513 305 3520 .
381 3465 493 3528 Caussa
515 3464 604 3526 isthic
626 3463 718 3526 tueris
735 3464 839 3544 jussus
857 3463 992 3544 jacuisse
1015 3472 1058 3526 tot
1079 3483 1184 3536 annos,

329 3583 364 3639 eo
381 3573 427 3636 ite
449 3581 499 3636 tua
519 3572 609 3636 verbs
632 3581 715 3636 tuum
736 3574 854 3636 iaciant
876 3607 918 3620 —
940 3573 1009 3648 Quo
1030 3583 1165 3655 tempore
1186 3573 1277 3646 mitis,

379 3684 489 3766 lneipit
509 3682 570 3757 ille,
592 3683 685 3756 Titus,
708 3701 849 3763 supremo
871 3700 942 3762 rege
959 3682 1091 3763 jureum,

380 3794 434 3857 Est
454 3793 535 3856 ultus
555 3811 642 3856 sacro
664 3799 818 3860 monentes
840 3793 985 3871 sanquine
1007 3792 1118 3874 pingas,

382 3904 478 3979 Quem
499 3903 596 3984 pretio
619 3911 666 3964 est
685 3910 792 3982 paetus
812 3901 915 3976 trudas,
937 3921 994 3982 ego
1015 3901 1136 3968 nomine
1159 3901 1267 3977 danus,

382 4013 470 4089 Quod
492 4030 576 4091 mage
597 4011 748 4092 perdurat,
770 4012 883 4093 majore
905 4020 936 4074 et
956 4013 1028 4076 ditat
1049 4011 1175 4086 honore,

330 4139 364 4196 ω
381 4123 444 4186 Vixi
466 4122 538 4196 illio,
560 4121 630 4184 fidei
652 4120 706 4187 sed
728 4122 861 4188 noudum
882 4120 995 4186 lumine
1016 4122 1109 4185 clero.

381 4234 432 4308 Sia
453 4231 526 4296 mihi
547 4231 704 4314 respondit
723 4231 835 4294 vocetis
856 4231 980 4314 spiritus
1001 4249 1091 4296 aurae

380 4343 473 4408 Dulce
494 4342 669 4416 Touosmo,
690 4349 722 4404 ut
741 4359 790 4404 ure
810 4341 905 4406 Roma
924 4342 1094 4418 desuerit,
1116 4351 1146 4405 et
1167 4343 1208 4405 mi
