3116 5162
582 424 755 478 Puturtuto.
1246 443 1302 489 m

73 636 123 684 me
153 609 351 684 &moeniae
382 608 518 686 Latinae
549 635 587 684 ea
599 667 610 704 ,
650 633 715 708 que
749 609 919 701 enurenit,
961 611 1170 684 accuratione
1204 621 1301 708 atque

74 730 181 803 lautitia
207 739 242 803 et
263 729 494 804 constituenda
517 739 552 802 et
571 729 761 802 edomanda
781 738 942 802 neverunt
962 727 1127 824 insignem
1150 728 1214 802 duo
1239 729 1301 802 viri

73 847 265 946 lipsienses,
296 849 332 920 in
357 846 473 946 primis
500 847 621 920 eruditi
647 846 875 946 bouammque
900 847 1070 920 literarum
1094 847 1300 944 peritissimi,

73 965 216 1039 [lectores
242 965 471 1064 philosophiae
501 965 678 1038 Euunsuus
714 964 915 1057 Bonuscus,
952 965 1097 1061 privatus
1132 965 1300 1039 Musarum

75 1084 174 1176 cultu,
200 1095 236 1157 et
258 1083 436 1156 Rossnrus
462 1082 666 1156 Gurursuuus
691 1081 892 1180 Furrzscuu,
918 1081 1050 1156 sehnlae
1077 1081 1300 1158 Nicolaitauae

76 1201 239 1296 ldjuuetus
264 1201 309 1293 l.,
349 1226 452 1300 ques,
484 1226 527 1275 ne
558 1203 611 1276 eui
644 1201 793 1275 debiturn
824 1200 984 1274 honorem
1008 1200 1209 1275 subtraxisse
1235 1203 1301 1276 uici

76 1321 240 1416 pessimus,
278 1316 319 1391 da
354 1343 439 1394 noro
472 1320 536 1394 hee
569 1320 670 1418 opere'
702 1320 825 1418 optime
853 1317 991 1416 meritos
1023 1342 1117 1414 esse,
1155 1321 1302 1416 ingenue

77 1437 258 1534 profitemur.
947 1447 949 1454 '

138 1553 203 1628 lam
224 1578 300 1627 eum
315 1553 382 1628 hue
398 1555 659 1653 pervenerimus,
674 1565 712 1632 ut
723 1553 808 1629 nihil
828 1564 933 1628 restet
952 1554 1018 1628 uisi
1033 1553 1097 1628 rite
1113 1553 1300 1652 Piazzne,

77 1695 158 1770 quam
181 1672 315 1768 scripsit
348 1673 395 1746 Cl.
422 1673 564 1768 Witte,
592 1673 733 1771 ipsique,
758 1672 885 1746 risibus
912 1672 1049 1746 editoris
1070 1673 1164 1772 quasi
1182 1697 1300 1748 seeun-

79 1789 162 1863 lariis
191 1786 315 1884 iuneti,
359 1791 513 1865 omuibus
552 1791 671 1865 officiis
712 1791 836 1865 uostris
877 1790 1078 1864 satisfecisse
1119 1792 1299 1888 videamur,

78 1905 237 1982 lueuuum
259 1908 441 2006 adjungere
456 1909 565 2004 lineat,
592 1909 690 1984 uobis
711 1917 843 2007 praeter
864 1933 1027 1988 summam
1048 1909 1300 1984 oblectationem

80 2036 106 2098 et
122 2027 331 2124 voluptatem,
358 2053 469 2128 mam,
487 2027 586 2126 hujus
613 2027 723 2124 operis
751 2051 830 2102 eura
859 2027 985 2120 attulit,
1015 2051 1082 2100 unu
1116 2029 1223 2102 risum
1257 2030 1301 2102 iri

82 2143 163 2216 ulum
178 2143 359 2242 jucundius
388 2171 508 2245 operae
535 2145 719 2244 praemium
745 2135 899 2244 potuisse
916 2144 1121 2241 contingere,
1150 2148 1299 2244 quamsi

81 2262 172 2335 studia
193 2263 274 2336 lraee
295 2265 461 2364 plerisque
486 2265 640 2339 omnibus
663 2262 801 2362 proheta
835 2255 963 2336 divinae
989 2264 1082 2361 poesi
1108 2273 1141 2348 et
1166 2263 1300 2360 optimis

82 2376 168 2453 literis
197 2379 340 2458 lruetum
365 2383 509 2484 aliquem
528 2381 617 2458 lerra
639 2381 907 2458 intellexerimus.

730 2763 841 2850 tluil.
875 2764 1067 2850 lutras.
1102 2764 1247 2850 terti.
