3124 5170
515 437 708 489 thmuuuttuu
727 437 825 488 ffliii.

167 661 289 739 biegnae
311 657 447 731 exuvias,
470 665 615 718 memorat
637 673 711 737 quas
731 655 834 718 Livius
855 665 966 730 auctor,

169 770 227 843 Qui
249 785 401 848 nunquam
423 766 548 842 enavit3
570 766 659 828 simul
682 775 712 828 et
731 765 902 828 miserabile
923 766 1028 845 vulgus

169 881 249 942 lctus
271 886 426 958 expertum
447 876 564 950 uistcs,
586 877 657 938 uun
680 893 782 938 arcere
802 876 965 938 Runanruu

169 989 358 1052 Gnrscannnu
380 985 486 1066 patriis
508 985 641 1048 certabat
661 984 771 1047 finibus
793 985 920 1059 hostem,

121 1109 151 1162 ta
167 1099 206 1161 Et
226 1097 388 1178 reliquum,
411 1095 496 1175 cujus
518 1096 691 1158 Curemus
713 1113 793 1156 nunc
815 1113 934 1176 qunque
956 1113 1079 1176 campus

169 1208 250 1270 Ossa
269 1206 357 1285 tegit,
379 1205 506 1268 mendax
525 1205 577 1266 ubi
599 1212 664 1268 erat
683 1203 809 1266 nimium
829 1205 963 1284 Appulus
986 1204 1094 1278 omnis,
1120 1266 1123 1272 ,

57 1354 59 1381 t
167 1319 207 1380 Et
227 1317 397 1380 Tunnacurr
420 1325 502 1377 uana
524 1333 645 1386 arcem,
667 1314 718 1376 ubi
740 1313 853 1376 viribus
874 1332 948 1376 usus

56 1438 59 1473 ³
167 1430 325 1490 Armorum
347 1423 531 1520 nuliisvicit
551 1424 710 1503 longaevus
731 1425 890 1498 hunum

57 1498 60 1641 ἔ
167 1543 265 1619 Atque
286 1536 337 1598 hic
357 1535 513 1616 perfussus
535 1542 657 1596 truncos
680 1534 866 1606 ostenderet,
890 1533 941 1596 iiic

59 1684 61 1745 t
118 1663 152 1714 att
167 1649 272 1710 Artas:
295 1647 337 1708 nil
360 1646 465 1708 hunum
488 1663 585 1706 nonae
607 1643 781 1720 foedissima
803 1643 910 1722 bulgae

168 1755 323 1838 Supplicia
345 1762 496 1835 ceperat.
540 1753 607 1815 Nun
628 1753 673 1814 sic
693 1754 832 1833 perfossa
852 1753 990 1816 videbun·

168 1867 267 1940 hetia,
291 1865 376 1946 queis
398 1864 496 1926 media
518 1874 566 1926 est
586 1872 638 1926 aut
657 1864 760 1926 intima
782 1863 892 1926 lentina
914 1863 1017 1925 subter

167 1977 300 2050 Amissa,
322 1984 357 2037 ut
377 1974 498 2054 qnidam
521 1993 538 2035 a
558 1981 660 2036 menta
680 1991 777 2053 usque
799 1974 836 2034 ad
857 1972 975 2054 podicis
998 1972 1100 2034 orbem

169 2087 305 2159 Scissns,
329 2084 380 2165 qui
402 2082 476 2144 mihi
498 2083 694 2163 spectandum
715 2101 784 2146 sese
806 2083 914 2144 obtulit
935 2082 1023 2145 uitro.

61 2270 63 2295 Ι
119 2207 152 2260 25
168 2195 313 2259 Intestina
335 2194 415 2256 inter
435 2211 521 2256 crura
542 2192 613 2255 huic
634 2192 793 2274 pendentia
817 2192 945 2266 stabant,

61 2374 63 2435 i
168 2307 302 2386 Extaque
324 2323 391 2366 cum
414 2303 493 2366 tristi
515 2311 648 2366 vertente
670 2303 702 2365 in
723 2312 856 2364 stercora
877 2318 967 2364 sacen

61 2458 64 2481 .
170 2415 323 2496 Quidquid
345 2413 473 2494 quisque
493 2413 605 2487 haurit,
629 2412 717 2474 nobis
740 2411 896 2474 manifesta
917 2410 1069 2491 patebant.

60 2490 63 2619 i
169 2527 264 2606 Atque
287 2524 337 2588 hic
357 2524 428 2586 dum
450 2531 590 2603 spectans
612 2522 771 2586 haerebam
791 2531 873 2584 totus
895 2521 927 2582 in
948 2520 1010 2596 illc,

60 2644 62 2735 j
169 2636 199 2697 is
220 2654 269 2697 me
291 2633 473 2714 respiciens,
496 2631 635 2694 manibus
657 2631 715 2694 sibi
737 2642 859 2711 pectora
882 2630 994 2711 pandit,

60 2776 62 2837 ς
122 2762 154 2814 su
170 2745 221 2807 Sic
243 2745 335 2808 tatus:
360 2743 471 2816 Cerne,
494 2751 527 2804 ut
547 2741 644 2804 lauier
666 2741 827 2804 crudeliter
848 2753 947 2815 artus3

59 2916 62 2937 ι
169 2854 293 2935 Aspice,
317 2859 350 2914 ut
370 2851 491 2914 incedat
510 2851 633 2914 mutilus
654 2852 838 2928 Mnunrus3
860 2860 891 2914 et
910 2852 991 2912 hura

59 2954 62 3061 ἐ
169 2963 258 3027 Flens
279 2981 352 3044 prae
373 2981 421 3024 ute
442 2960 536 3041 repit,
558 2961 693 3024 diffissus
715 2961 841 3042 turpiter
862 2979 914 3022 ora

59 3122 61 3167 Ι
168 3077 192 3136 A
215 3081 316 3136 mento
338 3073 375 3134 ad
398 3072 543 3145 frontem3
566 3089 701 3152 quasque
723 3071 786 3133 illic
808 3071 977 3151 conspicis,
1002 3089 1108 3132 omnes

58 3178 62 3209 ¹
168 3183 222 3256 Hi,
245 3183 316 3244 dum
336 3181 395 3245 vita
418 3181 489 3255 ruit,
502 3188 670 3244 senuerunt
689 3181 849 3253 scaudala,
873 3179 969 3244 adorti

59 3262 61 3295 i
121 3309 152 3360 ³5
169 3291 348 3355 schismatis
371 3309 459 3352 omne
480 3290 575 3352 nefas.
620 3291 718 3364 Quare
740 3291 785 3353 sic
807 3290 902 3352 scissa
924 3290 1076 3352 trahentes

168 3402 299 3464 Membra
322 3400 366 3462 illi
388 3408 557 3462 occurrunt.
600 3399 694 3462 isthic
715 3409 785 3480 post
806 3407 889 3479 terga
909 3407 1044 3462 moratur

169 3513 317 3585 Daemon,
341 3509 391 3589 qui
414 3509 526 3571 scindit
546 3527 603 3570 nus
625 3515 684 3570 tarn
707 3509 867 3572 crudetiter
888 3527 968 3582 ense,

60 3681 62 3695 ,
170 3622 269 3684 Turba
292 3621 330 3682 de
352 3631 454 3680 nostra
475 3636 594 3680 mrsutn
616 3617 672 3680 sub
693 3619 815 3682 vulnera
837 3620 959 3682 mittens

171 3733 373 3811 Quemquam,
396 3727 448 3790 ubi
470 3728 556 3790 triste
579 3727 642 3789 riae
664 3727 792 3809 spatium
815 3730 965 3791 revolutus
987 3728 1097 3802 obivit;

59 3870 62 3953 i
122 3853 154 3906 tu
169 3842 295 3903 Vulnera
317 3857 447 3918 namque
468 3837 552 3918 prius
575 3846 698 3912 coeunt,
721 3857 810 3918 quam
831 3839 902 3901 huic
923 3838 1028 3902 obvius
1050 3839 1126 3900 alter

59 3988 61 4025 =
169 3951 237 4012 Fiat
257 3968 407 4029 regressu.
450 3947 577 4028 Atquin
599 3956 647 4022 tu,
670 3947 720 4028 qui
743 3949 906 4012 iu'verticc
928 3949 1012 4029 rupis

169 4059 263 4141 Hujus
286 4053 436 4121 odorare?
457 4059 503 4118 An
525 4058 697 4121 subeundae
719 4045 752 4121 ut
771 4059 812 4122 sit
831 4075 916 4122 mura
936 4077 1062 4140 paenae,

58 4214 62 4293 1
172 4171 253 4243 Quae
276 4169 330 4232 tibi
353 4169 472 4231 decreta
496 4177 543 4230 est
563 4169 703 4231 confessu
725 4168 849 4232 crimina
871 4165 971 4232 vitae?
992 4201 1035 4214 -

212 4279 275 4342 Nec
296 4296 379 4339 murs
401 4277 481 4340 hunc
502 4278 661 4359 deprendit
681 4279 792 4351 adhuc
814 4297 872 4342 nec
892 4280 970 4342 taeta
992 4277 1119 4340 nefanda

58 4354 62 4590 ι
123 4397 155 4452 tt
170 4389 232 4452 iiuc
254 4387 442 4451 adduxerunt
463 4390 673 4462 cruciandum,
695 4389 806 4452 talibus
827 4389 893 4450 infit
1337 4346 1343 4370 ⁸
