3144 5164
301 403 362 464 316
757 403 892 454 tantutst
911 404 961 456 Xll.

316 635 350 688 6⁰
368 622 462 702 thue
484 623 570 695 leret,
592 640 624 683 re
647 623 743 701 qualis
764 630 836 696 erat,
860 641 945 684 sacer
965 633 1094 702 impetus
1117 623 1158 686 illi

365 733 530 795 Adourno
554 731 684 805 ductum,
708 731 758 812 qui
781 749 877 811 usque
899 739 945 792 est
966 730 1136 795 dominatus
1159 731 1191 795 in
1212 735 1322 816 ipsum,

366 840 511 921 Imposuit
532 859 650 914 nomen,
675 841 754 920 quod
778 850 895 920 tempus
917 839 948 903 in
971 859 1059 903 omne
1081 844 1234 905 remansit.

366 951 461 1031 Atque
483 968 539 1030 ego
561 949 628 1012 dico
651 951 750 1024 istum,
773 950 862 1012 veluti
885 970 972 1031 quem
995 949 1132 1013 Christus
1153 952 1183 1014 in
1205 951 1294 1015 horto

365 1059 532 1139 Agricolam
553 1058 664 1140 posuit,
687 1079 771 1122 suam
794 1079 882 1140 opem
903 1059 1016 1123 laturus
1037 1059 1142 1122 amice.

315 1177 348 1230 85
365 1169 498 1231 Nunnius
520 1169 577 1231 iste
600 1169 719 1248 quidem
743 1170 922 1249 Christoque
944 1170 1127 1232 domesticus
1149 1189 1207 1233 usu

365 1279 454 1340 Visus
476 1291 554 1353 erat,
576 1297 645 1340 nam
667 1278 781 1358 primus
803 1297 896 1351 amor,
919 1279 970 1359 qui
992 1277 1105 1341 exarsit
1124 1287 1234 1359 aperte,

365 1387 531 1452 Consilium
552 1387 621 1450 huic
643 1389 739 1449 luerat
759 1389 897 1467 primum,
921 1389 1001 1467 quod
1022 1407 1095 1450 roco
1116 1397 1237 1467 rogatus

365 1497 506 1561 Ediderat
526 1497 670 1560 Christus.
713 1497 889 1574 vigilantem
910 1497 991 1559 hunc
1013 1517 1102 1578 saepe
1124 1497 1251 1579 soloque

365 1607 481 1670 invenit
501 1614 625 1669 stratum
647 1624 682 1667 ac
703 1607 832 1678 taciturn,
855 1607 961 1688 utqui
983 1607 1109 1676 diceret:
1133 1606 1247 1669 Adsum

315 1727 349 1779 ⁷0
364 1717 455 1780 Natus
478 1716 603 1790 adhoc,
626 1717 734 1780 nutrix.
756 1727 797 1761 -’·
820 1716 855 1790 0,
879 1736 938 1796 quo
960 1724 1008 1779 est
1030 1717 1162 1796 genitore
1186 1726 1314 1792 creatus,

365 1827 439 1888 Vere
459 1823 593 1888 leliceml
616 1826 712 1899 Quam
734 1845 803 1888 vere
824 1825 902 1887 diota
922 1826 1036 1888 loanna
1059 1834 1106 1888 est

363 1935 465 2009 dlater,
489 1935 515 1998 si
537 1936 568 1996 in
590 1935 678 1998 terris
700 1943 770 1998 nota
793 1945 840 1996 est
860 1933 904 1997 vis
926 1935 1056 1998 nominis
1079 1934 1186 2017 hujusl

364 2045 431 2106 Non
453 2045 479 2107 is
501 2063 556 2124 pro
578 2045 700 2119 mundo,
722 2045 773 2124 qui
796 2051 840 2106 tot
861 2043 950 2106 modo
972 2044 1054 2107 adire
1076 2044 1195 2107 labores

366 2155 459 2234 Cogit,
482 2153 620 2216 Taddaeo
641 2153 763 2234 vestigia
784 2173 889 2233 pressa
910 2161 1080 2233 sequentes,

313 2277 348 2332 75
365 2264 448 2327 lllius
470 2273 500 2326 et
521 2263 625 2338 lienus,
648 2264 696 2326 cui
719 2263 769 2326 dat
789 2281 928 2342 magnum
951 2262 1035 2325 Ostia
1056 2281 1184 2340 nomen,

364 2377 403 2436 tt
424 2392 484 2436 noo
506 2373 620 2436 lallaois
641 2391 748 2436 manna
772 2372 944 2452 compulsus
967 2390 1076 2446 amore,

364 2483 433 2545 llox
452 2491 534 2545 vasto
557 2483 639 2544 dines
662 2483 814 2544 doctrinae
836 2481 958 2545 flumine
979 2501 1105 2562 magnus

363 2593 493 2655 Emicuit
514 2592 620 2655 doctor
640 2593 694 2660 sic,
717 2601 750 2654 ut
771 2592 923 2655 studiosus
945 2591 1043 2655 obiret
1111 2673 1115 2685 Ι

362 2703 498 2764 Vinctum
521 2701 607 2764 lacile
629 2701 840 2782 expallescere,
863 2701 889 2763 si
913 2699 1007 2764 malus
1030 2700 1072 2764 illi
1116 2743 1119 2750 -

311 2827 347 2881 sn
362 2807 479 2873 Viuitor
500 2809 626 2875 alluerit
671 2809 788 2885 Sedem,
810 2811 905 2891 magis
927 2818 996 2873 ante
1017 2809 1176 2889 benignam

362 2918 548 3001 Pauperibus
566 2917 666 2999 justis,
688 2938 750 2982 nou
773 2921 853 3000 quod
875 2920 1022 3004 culpanda
1043 2921 1083 2982 sit
1104 2920 1162 2994 illa,

363 3031 423 3094 Sed
445 3030 525 3110 quod
548 3027 722 3110 culpandus,
746 3031 796 3110 qui
818 3030 949 3109 degener
969 3039 1095 3111 occupat
1115 3031 1221 3111 ipsam,

361 3141 428 3204 Non
450 3149 482 3203 ut
504 3119 665 3202 sectantem
687 3139 800 3219 partiri,
823 3139 885 3201 sire
907 3141 1044 3203 trientem

361 3249 489 3314 llimidia
510 3249 547 3312 de
568 3257 653 3330 parte
674 3249 732 3312 sibi
754 3247 846 3322 daret,
868 3249 926 3312 iste
947 3249 1069 3330 rogarit,

310 3371 344 3426 85
360 3360 427 3422 Non
449 3368 560 3421 sortem
582 3359 663 3421 sodis
684 3359 836 3439 pinguem,
859 3377 934 3438 quae
955 3345 1197 3439 prima'vacaret,

361 3469 427 3531 Non
448 3469 588 3544 decimas,
612 3487 686 3549 quas
704 3468 773 3549 jure
795 3466 844 3530 dei
864 3467 1045 3549 paupercula
1065 3467 1151 3532 turba

361 3578 490 3653 Clamat3
513 3586 541 3641 at
563 3587 711 3641 errantem
734 3584 837 3640 contra
858 3596 913 3640 sua
933 3577 1010 3640 bella
1034 3578 1114 3641 ciera

360 3689 413 3751 llle
435 3689 512 3751 sinat
532 3685 683 3760 mundum,
706 3706 761 3768 pro
784 3707 843 3768 quo
865 3697 896 3750 te
917 3687 1032 3751 semino
1053 3689 1174 3766 cingunt

361 3797 421 3860 l'er
441 3796 559 3878 plantae
581 3807 717 3860 octonae.
759 3797 835 3860 llciu
855 3797 885 3860 vi
906 3798 1073 3860 exundante
1094 3796 1261 3880 profundae

309 3923 344 3978 oo
360 3907 519 3970 Doctrinae
541 3903 639 3980 annul,
662 3924 698 3968 ac
718 3906 808 3969 studii
831 3907 986 3985 defungier
1007 3925 1095 3970 orsus

359 4017 482 4080 llunere
503 4015 686 4110 Apostolico,
709 4017 794 4097 quasi
816 4035 904 4096 quem
927 4017 1036 4097 premit
1056 4015 1115 4080 alta
1135 4023 1271 4080 ruentem

359 4127 439 4190 Vena
460 4145 585 4201 munem,
608 4125 640 4188 in
662 4125 779 4207 stirpes,
802 4144 876 4206 quas
898 4136 1014 4189 severat
1033 4123 1177 4200 haeresis,
1199 4125 1276 4190 ictus

359 4235 557 4317 lngemimns,
580 4235 642 4298 illic
662 4253 735 4300 usus
757 4235 924 4316 potioribus
946 4237 1045 4312 armis,

358 4347 452 4428 llajor
472 4345 522 4410 ubi
545 4353 666 4410 steterat
686 4344 731 4408 vis
753 4363 823 4408 ausa
847 4345 994 4410 obsistere
1016 4354 1105 4408 certa.
