3142 5166
725 453 918 504 llll-'Elllloltllld
936 453 1030 504 xxxrv.

382 671 477 734 Omne
498 689 591 751 genus
614 670 711 732 luctus
735 689 861 751 aequum
884 679 931 733 est
952 670 1136 734 descendere
1158 672 1194 736 ab
1217 674 1278 736 illo.

330 785 364 839 35
425 782 449 844 0
472 782 544 843 mibi
567 781 637 861 quid
659 783 785 843 monstri
808 789 854 843 est
875 781 990 854 visum,
1015 799 1083 844 eum
1105 783 1136 843 in
1158 784 1266 846 vertice
1290 785 1385 846 trinas

381 891 489 971 depexi
512 889 618 952 laciesl
642 890 752 963 Unam,
776 909 864 970 quam
885 891 917 952 in
938 891 1036 952 lronte
1060 891 1187 969 gerebat,

381 1001 579 1079 Sanguineam
600 999 678 1062 vidi:
701 1007 747 1062 ast
767 999 912 1079 reliquas,
937 1019 1012 1081 quae
1034 1001 1154 1080 duplice
1176 1003 1271 1064 lorma

381 1107 577 1184 Constabant,
600 1110 650 1171 isti
672 1108 832 1190 superaddi
853 1109 1010 1172 humerum
1033 1111 1110 1172 iuter
1130 1118 1300 1191 utrumque,

381 1219 463 1292 Quae
486 1219 715 1292 concurrebant,
739 1237 799 1299 quo
822 1219 929 1280 cristae
952 1220 1045 1297 surgit
1068 1239 1202 1284 acumen.
1478 1240 1480 1283 l

329 1335 364 1389 to
380 1329 486 1392 Dextra
508 1328 661 1392 videbatur
681 1328 838 1409 pallentem
861 1335 965 1389 neutra
987 1327 1118 1390 colorem
1478 1360 1481 1403 t

380 1439 461 1501 luter
481 1446 511 1499 et
532 1438 695 1510 albentem,
719 1438 869 1517 faciesque
891 1438 1011 1499 sinistra
1033 1439 1126 1500 tuenti

381 1547 462 1610 Talis
483 1557 559 1620 erat,
583 1547 702 1628 quales,
726 1565 801 1627 quos
823 1547 936 1626 primos
959 1546 1041 1609 alluit
1062 1548 1149 1610 undis

380 1657 480 1728 Nilus.
504 1676 626 1720 cernere
647 1665 719 1718 erat.
764 1652 904 1720 Geminae
927 1656 982 1718 sub
1006 1656 1137 1736 qualibet
1158 1659 1222 1722 alae

381 1766 518 1845 linguae,
542 1785 676 1846 quaeque
697 1784 787 1846 pares
807 1765 879 1827 moli
901 1765 973 1827 tami
995 1766 1073 1828 alitis
1096 1776 1211 1830 essent:

330 1880 364 1934 to
381 1877 440 1938 Per
459 1895 541 1938 mare
562 1875 720 1938 velivolum
741 1893 802 1937 non
823 1875 883 1936 vidi
905 1875 1027 1938 carbasa
1048 1884 1136 1938 tanta.

381 1985 465 2048 Haud
488 1985 605 2065 plumae
627 1985 674 2046 bis
696 1985 811 2047 inerant
832 1984 924 2058 ullae,
949 1985 1002 2047 sed
1024 1987 1153 2065 tegmina
1175 1989 1330 2067 quaedam,

383 2096 487 2169 Qualia
510 2095 621 2157 babent
641 2095 796 2168 volueres,
819 2113 929 2158 nomen
952 2113 1027 2175 quae
1049 2116 1065 2158 a
1086 2115 1211 2177 vespere
1234 2097 1363 2176 ducunt3

381 2205 500 2285 llasque
523 2205 562 2267 ita
586 2203 758 2285 quassabat,
780 2203 887 2284 triplex
907 2211 941 2265 ut
962 2205 1085 2285 spiritus
1107 2205 1177 2269 inde

381 2315 481 2378 Exiret
501 2315 590 2378 venti.
635 2317 730 2395 Atque
753 2312 822 2375 bine
844 2313 943 2394 Cocyti
965 2315 1064 2376 omnia
1086 2324 1187 2396 stagna

330 2434 364 2488 ω
381 2425 502 2503 Frigore
525 2424 676 2487 durabant.
720 2423 779 2485 Per
799 2441 889 2484 senos
912 2441 963 2484 ora
984 2424 1099 2503 rigabat

381 2534 469 2596 lllens
492 2521 612 2606 oculos,
635 2532 833 2612 lacrimaeque
854 2532 985 2594 lluebant
1006 2533 1122 2613 triplice
1144 2544 1253 2609 mento,

381 2643 548 2723 Sanguinea
569 2645 675 2704 mistae
698 2661 820 2722 spuma;
843 2650 946 2721 atque,
970 2650 1003 2704 ut
1024 2643 1148 2706 malleus
1170 2645 1278 2708 hirtam

382 2752 573 2815 Contundens
596 2761 726 2831 stupam,
749 2752 804 2812 tria
827 2751 942 2830 singula
963 2753 1114 2815 morsibus
1136 2773 1187 2816 ora

381 2860 478 2923 Unum
501 2881 537 2922 ex
558 2861 704 2923 damnatis
726 2859 918 2939 rumpebant,
940 2869 1060 2943 tresque
1083 2862 1219 2926 dolentes

330 2979 363 3034 55
381 2971 431 3034 Sic
453 2969 613 3032 emittebat.
656 2969 763 3031 Verum
786 2987 862 3050 quae
883 2971 1003 3034 vulnera
1025 2973 1113 3035 dente

382 3081 424 3143 Os
446 3079 532 3144 dabat
553 3072 700 3153 anterius,
724 3079 808 3141 nihili
830 3082 982 3160 pensanda
1006 3083 1140 3154 luissent,

381 3191 413 3253 Si
435 3209 495 3253 uon
517 3191 825 3252 certassent-caedem
846 3190 996 3268 geminare
1018 3201 1139 3255 cruenta

380 3301 546 3382 Asperitate
568 3319 700 3380 ungeres,
725 3301 774 3380 qui
797 3299 920 3363 dorsum
941 3301 1020 3380 pelle
1041 3302 1213 3382 frequenter

380 3410 544 3474 Nudabant.
569 3443 609 3456 -
632 3410 728 3484 Quam
749 3418 834 3488 urget
856 3419 1027 3473 cunctarum
1049 3412 1175 3474 maxima
1196 3432 1304 3494 poena.

329 3531 363 3586 to
380 3519 432 3582 llla
454 3521 550 3582 anima
572 3529 618 3582 est
638 3520 746 3593 lunae,
771 3521 821 3599 qui
843 3520 951 3582 dicitur
972 3521 1154 3584 lscaarores.

379 3629 462 3691 lntus
483 3629 572 3690 babet
594 3636 733 3709 caputet
751 3630 899 3710 jaculatur
920 3649 1006 3692 crura
1028 3649 1158 3711 superne

379 3739 516 3801 liuterius
539 3748 689 3818 porrecta,
712 3739 809 3819 inquil
830 3748 1023 3820 praeceptum
1045 3749 1075 3802 et
1096 3741 1209 3803 umbris

379 3848 424 3909 Ex
445 3848 510 3910 aliis
533 3849 672 3927 geminis,
696 3865 820 3929 quanm
842 3857 965 3930 utraque
987 3849 1077 3913 babet
1098 3857 1186 3931 caput
1207 3851 1292 3926 inira,

380 3958 463 4032 Quae
485 3957 595 4038 pendet
616 3959 701 4036 nigro
723 3978 740 4020 a
761 3959 852 4033 rictas,
875 3967 921 4022 est
941 3960 1055 4022 Bnnrr:
1078 3961 1214 4041 adspice,
1239 3970 1271 4024 ut
1293 3965 1350 4025 iste

329 4077 363 4130 tt
380 4068 455 4131 Sese
477 4067 645 4142 convolvat,
667 4086 723 4130 nec
744 4085 848 4130 vocem
869 4071 1055 4150 erumpatin
1077 4071 1184 4146 ullam;

381 4176 499 4240 liobore
521 4177 722 4240 membrorum
744 4179 795 4257 qui
819 4187 963 4258 praestat,
987 4181 1107 4243 Cassios
1130 4179 1179 4244 illc
1202 4190 1259 4244 est.

422 4285 481 4349 Sed
504 4303 561 4348 nor
583 4286 775 4368 praecipitat,
795 4288 918 4370 jamque
940 4299 985 4352 est
1008 4289 1163 4352 discedere
1185 4299 1314 4372 tempus,

380 4396 506 4470 Quando
528 4396 689 4460 luminibus
711 4397 898 4462 lustravimus
921 4400 1020 4462 omnia
1041 4399 1163 4462 nostris.
