3124 5170
1187 391 1494 414 ---—...-...-.5

321 447 362 510 ud
745 444 941 497 rnrsnnoauu
959 445 1023 496 xrs.

274 539 499 549 —-·—--
1026 537 1375 548 -ψ-ῡ-ῃ
1390 541 1489 548 ——.

386 668 452 729 Non
474 667 532 729 iter
553 665 666 728 insistit
687 665 811 728 fratrum
832 664 870 726 dc
889 682 973 726 more
995 682 1128 740 suorum,

387 778 432 841 Ob
455 776 572 840 iurandi
594 784 703 848 artem,
727 794 784 857 qua
807 785 939 836 amneuta
960 774 1129 855 propinqua
1151 775 1288 838 retraxit:

336 903 370 954 tu
387 889 485 962 Quare
507 884 577 948 hnic
599 893 755 948 cessarunt
776 885 896 946 fraudes
918 885 1046 946 attacta
1069 883 1197 964 maligna

386 998 448 1061 Sub
470 996 551 1058 clara
573 996 711 1070 decanis,
734 993 927 1074 centenisque
949 993 1059 1056 ictibus
1080 995 1158 1058 ictus

386 1108 475 1169 Forte
496 1106 599 1167 decem
620 1104 701 1166 haud
722 1103 828 1166 sensit.
849 1137 892 1148 -
913 1103 1055 1168 Memorat
1078 1105 1148 1166 dum
1171 1103 1241 1166 talia
1262 1104 1372 1168 ductor

385 1221 481 1296 Atque
503 1215 530 1276 is
552 1213 719 1295 praeteriit:
743 1213 841 1294 ripae,
865 1231 954 1292 quam
975 1213 1165 1294 prendimus,
1189 1233 1272 1276 oraru

387 1325 461 1387 Tres
483 1323 603 1385 subiere
624 1323 759 1396 animae,
782 1341 858 1403 quae
879 1342 927 1385 me
948 1323 1060 1385 latuere
1083 1325 1257 1404 ducemque,

264 1478 266 1543 t
336 1445 369 1498 35
386 1434 488 1496 [lonae
510 1432 688 1494 clamarunt:
712 1432 769 1506 Qui
794 1428 868 1493 vos?
890 1433 965 1494 'lum
988 1432 1086 1496 tabula
1109 1440 1212 1495 nostra

263 1550 267 1707 p
386 1542 521 1615 Restitit,
544 1561 579 1603 ae
601 1541 689 1604 dictis
712 1560 768 1603 nos
789 1542 894 1604 harum
916 1542 1102 1604 admovimus
1122 1560 1221 1605 aures.

264 1712 267 1762 Ι

264 1780 266 1845 l

429 1653 492 1714 llos
513 1669 568 1731 ego
591 1670 651 1714 non
673 1669 798 1724 noram,
819 1652 873 1714 sed
896 1659 956 1713 turn
980 1652 1057 1714 sorte
1079 1651 1204 1726 accidit,
1226 1661 1260 1716 ut
1280 1653 1316 1716 tit

387 1763 463 1825 Casu
486 1779 576 1842 saepe
598 1761 714 1842 aliquo,
736 1780 772 1823 ex
794 1761 907 1824 umbris
929 1773 962 1823 ut
983 1762 1021 1822 de
1043 1761 1138 1824 trihus
1158 1779 1218 1825 una

385 1871 515 1933 Alterius
537 1889 661 1944 nomen,
685 1871 785 1934 studio
807 1871 884 1933 hane
905 1871 1058 1945 hortante,
1081 1879 1210 1944 remeet,

264 1970 266 1991 '
333 1982 368 2034 4⁰
386 1981 437 2044 Sic
459 1983 561 2044 allata:
585 1980 711 2044 Ubinam
733 1998 839 2042 censes
860 1981 1009 2042 mansisse
1032 1976 1210 2044 Crrmntrr?

386 2092 485 2165 Quare
508 2109 564 2171 ego
585 2109 782 2170 compescens
805 2089 899 2169 digito
921 2090 994 2152 mihi
1016 2090 1114 2162 labra,
1137 2091 1314 2170 magistrum

384 2199 531 2262 Admonui
553 2199 667 2280 signis,
689 2201 821 2264 intentus
838 2209 876 2262 ut
897 2218 949 2262 nra
971 2209 1096 2263 teneret

429 2310 462 2373 Si
484 2318 533 2372 tua
554 2311 746 2384 tantalides,
770 2329 845 2391 quae
868 2309 954 2384 dico,
978 2309 1101 2372 credero
1122 2320 1231 2384 cessat,

384 2421 508 2493 Lector,
531 2439 592 2482 nou
613 2421 720 2493 mirer:
741 2419 831 2482 modo
855 2439 983 2500 namque
1005 2420 1154 2496 assentior
1175 2437 1263 2501 aegre

334 2533 368 2587 ts
386 2530 453 2610 lpse
475 2530 564 2603 mihi,
585 2531 660 2592 haec
682 2531 776 2592 cordis
800 2530 850 2610 qui
872 2530 933 2594 vidi
957 2537 986 2592 et
1007 2530 1070 2592 visa
1093 2529 1203 2594 noted.

428 2640 484 2701 llic
505 2641 574 2702 dum
597 2639 723 2702 sublatis
744 2640 897 2720 palpebris
919 2639 1029 2702 lumina
1052 2642 1121 2719 figo,

383 2751 428 2812 En
451 2748 579 2831 pedibus
600 2749 682 2810 sonis
704 2769 830 2829 serpens
853 2749 991 2830 irrumpit
1014 2750 1043 2812 in
1067 2768 1166 2822 unum,

385 2860 479 2921 Totus
502 2867 532 2920 et
554 2857 710 2937 implicuit.
753 2858 859 2920 blediis
880 2858 1067 2937 circumligat
1088 2859 1193 2931 alvum,

383 2968 509 3032 Brachia
531 2967 698 3048 praecingit
718 2967 839 3048 primis,
862 2969 932 3031 dein
954 2970 1093 3032 dentibus
1114 2969 1218 3032 ambas

334 3089 367 3142 ott
384 3078 500 3142 luvadit
520 3077 623 3140 malas.
666 3077 813 3152 Pedibus,
836 3097 913 3160 quos
933 3095 1013 3159 pone
1035 3079 1164 3158 gerebat,

383 3188 520 3253 Devinxit
541 3205 646 3261 coxas,
668 3187 851 3268 immisitque
872 3187 952 3250 inter
973 3197 1115 3269 numque

384 3299 513 3362 Caudam
536 3307 566 3362 et
586 3307 658 3378 post
677 3317 766 3362 rencs
788 3299 935 3361 sinuatam
956 3299 994 3361 ad
1016 3308 1098 3378 terga
1120 3299 1253 3362 retraxit

383 3410 448 3472 Non
471 3408 612 3470 hederam
633 3408 735 3472 rideas
757 3409 802 3471 sic
823 3408 896 3470 ulmi
918 3409 1050 3472 interere
1071 3427 1196 3482 ramum,

383 3520 421 3583 Ut
442 3519 504 3581 fera
528 3517 671 3580 terribilis
692 3517 832 3598 proprios
854 3518 981 3582 intexuit
1001 3527 1083 3580 artus

333 3639 366 3692 tt
383 3628 512 3692 artubus
534 3626 667 3690 alterins.
711 3628 785 3690 Dein
808 3647 918 3709 corpus
939 3628 1072 3692 inhaesit
1090 3623 1257 3708 utrumque,

383 3740 420 3802 Ut
442 3737 468 3800 si
490 3745 625 3799 neutram
648 3755 734 3800 cerne
756 3737 874 3817 tepidae
896 3739 963 3818 igne
985 3738 1148 3812 subissent,

382 3849 420 3910 Et
441 3847 524 3910 color
544 3847 593 3908 his
614 3847 777 3927 pennixtus
799 3859 877 3922 erat,
900 3857 1097 3928 neutrumque
1117 3847 1235 3910 videtur

383 3957 471 4032 Quod
493 3957 598 4018 luerat
641 3957 737 4020 Veluti
759 3957 881 4038 rapidos
903 3960 1040 4024 dammae
1063 3967 1130 4020 ante
1151 3975 1279 4039 sapores

382 4069 440 4129 Per
462 4067 593 4128 chartam
616 4067 746 4130 excurrit
767 4069 868 4130 tuscas
891 4069 987 4142 color,
1011 4069 1091 4130 haud
1113 4077 1212 4130 [aman
1234 4066 1285 4130 ille

262 4168 264 4217 Ι
331 4187 365 4239 0⁰
381 4177 510 4240 Prorsus
532 4177 630 4240 adhuc
651 4175 736 4255 niger
758 4183 818 4248 eat,
840 4187 871 4240 et
891 4177 1038 4242 candidus
1060 4177 1181 4240 occidit
1224 4176 1366 4253 Umbrae,
1553 4179 1554 4196 ¹

382 4288 467 4361 Quae
488 4304 642 4359 mansere,
664 4286 724 4348 duo
745 4294 894 4350 vortemes
914 4288 1026 4352 lumina
1047 4296 1138 4362 retro,
1553 4319 1554 4332 ,

382 4396 570 4460 Clamabunt:
592 4397 690 4468 Eheu,
713 4395 891 4470 siccantes,
914 4400 1052 4472 Mesua,
1074 4393 1231 4462 membra?
1553 4403 1554 4458 l
