3144 5164
720 367 1250 382 Ἠ-

597 425 730 476 Plusute'l
748 426 835 474 lllt'll.

216 638 255 702 Ul
276 643 356 706 lleus
378 643 526 706 exsultare
548 643 622 704 milri
643 643 684 706 sit
704 643 789 706 uisus
807 647 838 708 iu
860 647 927 710 illo:

216 757 309 818 Auem
331 772 407 834 quae
428 751 561 816 medium
581 761 682 816 motus
704 761 809 816 natura
831 756 962 839 quietum

216 863 351 927 Postulat
372 871 402 926 et
422 862 525 943 rapida
546 863 693 942 vertigine
714 875 832 928 caetera
854 874 983 947 torquet,

166 989 201 1044 us
216 974 340 1037 Prosilit
360 973 440 1046 hinc,
462 981 495 1034 ut
516 973 576 1034 flue
597 989 670 1048 suo;
692 991 749 1034 nec
770 975 903 1038 continet
924 977 983 1040 ulla

215 1083 277 1146 lles
298 1083 356 1145 alia
376 1083 436 1144 hoc
457 1081 582 1157 coelum,
606 1101 694 1163 quem
715 1101 802 1146 mens
823 1085 921 1148 dirim
943 1087 1123 1166 gubernans,

216 1195 250 1257 lu
272 1211 331 1274 qua
353 1193 481 1271 ignescit
500 1210 584 1255 amor
603 1203 733 1266 vertens,
755 1203 786 1254 et
807 1213 883 1274 quae
903 1196 980 1276 pluit
1001 1198 1061 1261 alto

217 1297 326 1366 Virtus.
369 1303 434 1364 Lux
455 1311 487 1364 et
507 1320 591 1364 amor
611 1301 727 1364 coelum
749 1301 808 1364 hoc
829 1306 1002 1386 praecingit,
1027 1310 1175 1390 elipeum

218 1413 325 1476 Coelos
347 1411 514 1492 praecingit
534 1411 677 1491 reliquos,
700 1429 845 1492 mensque
866 1415 954 1478 unica
976 1418 1101 1496 cingens

152 1511 433 1596 impraecinctum,
455 1522 521 1584 sola
541 1521 600 1584 hoc
621 1520 769 1600 iutelligit.
812 1523 897 1586 Haud
919 1525 978 1588 ciet
999 1527 1058 1607 ipsi

217 1633 324 1697 Extera
345 1633 390 1694 sis
411 1639 534 1704 molum,
556 1630 680 1710 proprio
703 1630 757 1693 sed
780 1633 896 1696 turbine
917 1645 1018 1698 motus

217 1743 374 1807 Coelorum
396 1741 530 1822 reliquos
552 1741 650 1820 ipsum
672 1741 800 1814 metitur,
824 1751 855 1806 ut
876 1744 964 1808 audis
1075 1719 1082 1740 ⁸

217 1852 378 1917 Dimidium
400 1852 566 1932 quinasque
587 1849 691 1912 decem
714 1852 847 1914 melirier
867 1853 964 1918 ulnas.

216 1963 343 2044 lamiam
364 1981 420 2043 per
440 1969 470 2024 le
492 1979 584 2022 nosse
604 1967 700 2040 potes,
724 1973 756 2022 ut
777 1969 894 2042 tempus
917 1965 948 2026 in
970 1967 1027 2028 ista

152 2091 201 2146 los
217 2073 345 2137 Radices
367 2079 452 2144 testa,
474 2071 565 2150 ioque
586 2069 654 2132 aliis
675 2069 792 2132 dicatur
812 2071 922 2135 habere

217 2184 362 2247 Frondes.
388 2214 425 2230 «-
448 2180 484 2254 0,
507 2198 582 2260 quae
602 2158 754 2250 mortales.
775 2180 946 2246 malesuada
968 2185 1089 2264 cupido,

217 2294 318 2374 Usque
339 2292 415 2356 adeo
436 2289 548 2368 mergis
570 2288 627 2354 sub
648 2297 688 2363 te,
710 2297 742 2350 ut
763 2289 912 2354 deducere
933 2293 969 2354 ab
992 2295 1080 2356 undis

218 2404 344 2467 Lumina
367 2419 455 2464 nemo
477 2401 537 2462 tuis
557 2398 669 2462 raleall
691 2399 773 2462 Beue
794 2409 891 2464 vestra
913 2403 1047 2466 voluutas

217 2515 334 2588 Floretq
357 2521 387 2574 at
407 2510 530 2574 assiduo
551 2517 703 2572 mumulus
722 2528 791 2572 vera
814 2510 870 2572 sub
892 2512 987 2576 imbre

153 2632 203 2685 llll
218 2625 327 2696 Pruna,
351 2631 380 2684 et
400 2621 542 2700 degeneri
563 2639 616 2682 ros
637 2619 744 2682 ludunt
763 2639 838 2682 vane
860 2639 978 2701 sapore.

260 2735 339 2796 l’ura
360 2731 435 2796 fides
457 2730 612 2812 pietasque
634 2745 670 2790 ac
691 2729 795 2790 nescia
817 2730 919 2794 lallere
939 2733 999 2794 vita

218 2846 252 2908 ln
275 2843 387 2906 teneris
408 2849 522 2904 ιιιιιιιιιι
542 2838 644 2922 pueris
665 2840 824 2920 reperitur,
847 2849 876 2902 el
897 2861 989 2904 unus-

219 2955 354 3034 Quisqua
375 2952 459 3033 prius
482 2951 557 3030 lugit
576 2949 642 3022 has,
664 2967 752 3030 ιιιιιιιι
775 2950 885 3030 plumis
906 2953 983 3014 mala
1005 2961 1130 3030 legatam.

218 3065 273 3127 Est
295 3063 356 3144 qui,
378 3062 448 3123 dum
469 3059 595 3124 halbutit
616 3059 722 3133 adhuc,
742 3061 855 3141 jejunia
878 3073 984 3135 servat

154 3186 203 3240 llo
219 3175 336 3237 Interea
357 3172 457 3248 lingere
478 3177 582 3250 pastus
603 3187 698 3248 genus
719 3188 808 3231 omne
830 3171 926 3232 soluta

217 3285 346 3348 Devorat
365 3281 507 3344 audacter
526 3277 632 3359 quovis
654 3277 710 3340 sub
733 3278 843 3341 lumine
865 3279 963 3342 lunae.

217 3395 273 3458 list
294 3393 354 3474 qui,
377 3391 449 3454 dum
470 3387 605 3461 balbutit,
627 3395 764 3468 amamus
786 3389 928 3470 auditque
949 3399 1113 3470 parentem,

220 3505 315 3579 Οιιιιιι
338 3501 430 3582 cupit.
451 3499 568 3577 integro
590 3515 737 3571 sermone,
759 3498 860 3562 videre
881 3499 1037 3579 sepultam.

262 3614 313 3678 Sic
335 3611 424 3674 solita
444 3617 491 3670 est
511 3607 596 3687 nigro
617 3607 692 3685 tingi
716 3608 792 3670 cattis
814 3607 880 3670 alba
904 3610 1005 3671 colore
1102 3648 1106 3658 -

154 3741 203 3794 lac
218 3725 253 3788 lu
275 3723 372 3804 primo
394 3709 537 3800 adspeclu
558 3719 706 3780 formosae
727 3717 780 3778 illo
801 3727 886 3798 patre
908 3727 1004 3792 name,

220 3832 289 3908 Qui,
312 3849 379 3893 cum
400 3847 488 3892 mane
509 3829 611 3902 relert,
633 3827 737 3890 abiens
759 3827 816 3890 sibi
839 3829 981 3908 subrogat
1001 3831 1132 3892 umbras.

261 3944 299 4004 nt
319 3950 362 4014 tu,
383 3959 422 4004 ne
443 3939 564 4018 ignarus
586 3945 717 4018 stupeas,
739 3938 769 4002 id
791 3947 913 4019 pectore
934 3940 1026 4014 volve,

219 4053 253 4115 ln
275 4049 365 4114 terris
387 4047 500 4112 nullum
522 4068 592 4112 esse
612 4049 728 4122 ducem,
750 4049 802 4130 qul
824 4067 914 4130 regna
936 4049 1096 4128 gubernem

219 4162 319 4236 Quare
340 4158 496 4222 hominum
516 4160 638 4224 soboles
660 4158 790 4222 declinat
811 4159 929 4224 tramite
950 4167 1042 4221 recto.

154 4279 202 4334 12¹»
218 4276 256 4334 et
277 4269 361 4352 prius
382 4267 518 4332 hibernis
538 4277 620 4332 totus
642 4287 731 4350 ιιιιιιιιι
753 4269 897 4331 excedere
918 4268 1031 4331 mensis

217 4380 284 4444 lani
306 4378 430 4468 sortitus
451 4397 562 4442 nomeu
583 4387 714 4458 cogatur,
737 4379 776 4442 ob
799 4379 879 4442 illam
