3142 5166
713 339 1104 352 ffl—--n

593 391 774 444 tundalum!
793 395 828 446 tl.

163 619 194 672 rt
211 607 345 688 Namque
367 606 451 670 orbis
471 605 604 682 medius,
628 627 717 689 quem
739 611 817 674 circa
840 612 937 674 sidera
959 623 1041 676 motu

209 716 364 780 hahuntur
385 735 512 798 supero,
528 718 647 808 quique
668 719 835 798 appellatur
856 721 886 782 in
901 731 972 784 erte

209 828 375 905 temeror,
399 827 509 906 quique
532 845 627 906 usque
649 828 727 890 inter
748 829 902 910 solemque
924 831 1113 912 hiememque

209 935 379 1010 hecelino,
402 933 441 996 oh
464 953 585 999 caussas
607 936 693 1010 illes,
718 957 791 1018 quas
815 938 907 1012 dicis,
931 941 968 1002 ad
990 940 1101 1002 Arcton

209 1043 286 1106 llinc
308 1043 451 1119 discedit;
472 1044 525 1113 uhi
546 1054 648 1106 contro
671 1045 750 1108 hunc
771 1047 884 1110 iudaea
905 1049 1025 1110 videbat

161 1169 193 1222 tc
210 1155 289 1216 Gens
311 1154 400 1218 rutila
420 1153 457 1216 ad
480 1153 589 1218 calidos
612 1154 781 1218 tendentem
802 1156 939 1236 lampade
961 1167 1070 1239 partes.

208 1265 261 1336 ht,
283 1263 342 1326 nisi
364 1273 393 1326 te
414 1263 526 1337 taedet,
548 1282 597 1326 me
619 1263 703 1326 valde
725 1265 803 1327 scire
821 1264 947 1346 juraret,

209 1373 325 1446 Quanta
348 1373 469 1436 terenda
490 1373 604 1446 viaest
625 1373 732 1448 nohis;
755 1392 881 1455 namque
904 1375 981 1438 altus
1002 1375 1039 1439 ad
1061 1386 1141 1440 astra

207 1482 294 1544 Mons
316 1482 432 1544 scandit
451 1483 519 1562 plus
543 1501 631 1563 quam
653 1503 719 1546 mea
741 1483 852 1546 lumina
874 1485 1017 1548 scandere
1038 1487 1165 1565 possint.

249 1591 389 1670 Virgilius
410 1593 498 1654 mihi:
521 1592 550 1654 ls
572 1600 619 1654 est
641 1591 750 1666 clivus,
772 1593 941 1674 respondit),
965 1603 1114 1675 utusque

158 1711 190 1766 tt
207 1701 254 1764 Sit
274 1701 371 1780 gravis
393 1701 431 1763 ad
453 1719 602 1764 summum
624 1703 730 1780 nitenti
753 1702 879 1766 eradere
900 1702 937 1764 ah
959 1703 1029 1766 imo.

206 1811 244 1872 tt
265 1819 376 1890 quanto
398 1811 502 1890 magis.
516 1809 566 1872 ille
588 1811 662 1878 mam
685 1812 729 1874 vir
750 1813 861 1892 pergit,
884 1813 1012 1874 eundem

207 1920 302 1982 'lanto
325 1928 415 1997 urget
431 1919 530 1982 minus
552 1929 641 2001 atque
662 1921 760 1984 minus
783 1920 869 1983 labor
890 1921 988 1983 omnia
1010 1921 1142 1986 vincens.

95 2046 98 2111 j
206 2030 308 2104 Quare
329 2029 381 2092 uhi
403 2029 504 2092 suavis
526 2030 583 2092 erit
604 2029 657 2090 tihi
679 2029 738 2102 sic,
761 2038 794 2091 ut
815 2029 921 2092 vadere
944 2030 974 2090 in
996 2029 1087 2093 altum

96 2116 98 2133 Ι
206 2139 266 2202 lies
288 2139 342 2201 tibi
364 2138 499 2202 habenda
520 2137 594 2202 levis
616 2138 728 2213 veniat,
750 2138 830 2201 velut
850 2139 894 2200 ire
916 2139 1048 2202 secundo

159 2261 191 2314 tc
206 2249 342 2312 Flumine
364 2248 488 2326 navigiis
509 2249 668 2322 deorsum
690 2255 754 2310 tum
775 2248 850 2310 haec
871 2249 975 2310 semita
997 2248 1120 2312 habehit

95 2328 99 2430 Ι
206 2359 326 2431 Finem,
349 2368 379 2420 et
400 2375 522 2420 securae
544 2357 661 2420 dahitur
682 2357 752 2420 dare
774 2357 906 2420 membra
928 2357 1035 2437 quieti:

206 2467 326 2530 Nullum
347 2467 423 2528 ultra
445 2465 583 2540 verbum,
606 2485 733 2546 namque
756 2467 830 2530 haec
850 2467 1005 2529 verissima
1026 2467 1105 2530 nori.

249 2577 303 2638 Vix
322 2576 398 2640 haec
418 2576 496 2641 latus
518 2583 595 2649 erat,
618 2575 717 2638 euhito
740 2593 807 2638 cum
829 2576 908 2638 venit
929 2576 965 2638 ad
988 2595 1075 2638 autres

205 2685 345 2750 Proxima
358 2704 436 2784 gor:
458 2687 597 2748 Fortasse
619 2685 703 2765 prius
724 2685 779 2749 tihi
800 2685 887 2765 eopia
909 2686 1004 2750 deerit

93 2788 97 2909 l
158 2805 190 2858 tt
206 2795 351 2870 Sidendi3
372 2793 408 2858 ad
431 2795 561 2864 sonitum
584 2795 670 2875 cujus
693 2795 892 2858 convertimus
914 2795 1002 2858 amho

93 2915 96 2941 ¹
204 2906 346 2978 humina,
368 2913 400 2966 et
419 2924 436 2966 a
457 2904 539 2968 laeva
559 2922 662 2969 saxum
685 2905 892 2984 conspeximus
915 2905 1030 2982 ingens,

206 3015 261 3078 Cui
282 3031 382 3093 neque
404 3031 476 3092 eqo,
498 3032 597 3093 neque
619 3013 679 3076 dux
700 3012 803 3077 oculos
825 3013 990 3078 adverterat
1011 3024 1089 3077 ante.

204 3123 348 3204 llepimus
370 3123 444 3196 huc,
466 3123 634 3204 multaeque
656 3123 744 3186 isthic
766 3123 822 3186 suh
843 3123 973 3201 tegmine
994 3123 1113 3186 stabant

91 3210 95 3365 Ι
204 3233 332 3296 Umbrae
354 3241 423 3313 post
442 3251 561 3306 saxum,
583 3241 616 3295 ut
636 3233 722 3312 queis
743 3233 843 3299 mollis
864 3233 969 3295 inertia
991 3232 1098 3294 suadet

142 3359 188 3412 tcc
204 3343 309 3417 Stare,
331 3351 419 3422 atque
441 3361 477 3404 ex
498 3341 558 3404 illis
578 3361 656 3404 unus
678 3340 870 3422 languescere
890 3341 974 3404 risos

202 3453 238 3516 ln
260 3452 333 3514 sede
354 3449 496 3514 haerebat
516 3451 689 3531 complexus
710 3467 808 3530 genua
829 3459 993 3532 tenensque
1122 3497 1124 3503 ,

202 3561 285 3625 llaec
306 3561 385 3622 inter
405 3561 517 3624 vulteum
538 3561 710 3624 demissum.
731 3593 774 3606 —
796 3559 821 3622 0
842 3559 950 3622 hlande
972 3561 1121 3640 mammen,

201 3669 290 3733 llunc
311 3668 419 3744 lustra,
441 3651 518 3742 dixi,
541 3671 592 3750 qui
613 3689 681 3734 sese
703 3669 802 3751 prodit
822 3669 948 3734 inertem

203 3781 258 3844 Sat
277 3779 361 3859 plus,
385 3797 474 3860 quam
496 3780 522 3842 si
544 3779 680 3859 pigrities
701 3797 788 3842 soror
809 3781 915 3842 afforet
936 3779 1004 3859 ipsi.

142 3897 186 3950 tuh
245 3889 333 3950 Tunc
352 3888 524 3970 inspecturo
546 3889 699 3952 venientes
721 3889 795 3952 haec
815 3889 899 3968 prior
920 3888 962 3952 illi

203 4000 281 4062 Cura
302 3997 372 4074 tuit,
393 3997 475 4060 visus
496 3998 591 4062 acient
613 4015 783 4079 supponere
805 4015 896 4060 coxae

201 4107 284 4170 llaec
305 4108 413 4171 lando:
436 4107 504 4184 Tibi
525 4108 687 4188 praestanti
709 4107 912 4170 conscendere
933 4127 988 4188 per
1008 4109 1058 4172 sit.

203 4217 290 4287 Tunc
310 4215 385 4280 mihi
407 4235 498 4280 nosse
520 4217 670 4280 hominem
691 4215 790 4290 licuit,
812 4235 869 4280 nee
888 4217 1035 4298 plurimus
1058 4231 1159 4293 angor.

202 4327 261 4401 Qui
283 4325 409 4406 cogebat
430 4325 528 4390 adhuc
549 4327 696 4397 animam,
719 4326 851 4392 colerere
872 4344 1040 4408 parumper,
