3124 5170
276 361 441 374 fi..-
879 359 1162 372 -.-.-..-
1171 365 1507 427 „qm-„7⁸

316 419 358 482 lt
747 415 939 466 rurssuonuu
957 415 1014 466 ru

459 507 671 516 ..-.---.----
678 508 705 516 -·
1113 511 1183 518 -.-
1192 513 1251 520 -.....
1445 519 1470 526 ω
1478 519 1486 525 -
1505 516 1508 529 Ι

380 637 439 700 Per
459 653 535 716 quae
557 651 646 714 saepe
669 641 736 696 tuos
758 641 896 714 expertus
919 635 1054 699 Graecos
1076 653 1165 698 ausus

379 745 509 816 Dicdum
532 752 564 806 et
582 743 641 805 nisi
664 761 739 823 quae
761 761 892 804 summas
913 744 1078 805 reverentia
1100 744 1197 807 clares

315 866 363 916 too
380 855 540 935 Respicere
562 854 712 925 hortatur,
735 871 782 914 me
804 853 861 914 leri
883 853 968 932 plura
989 862 1110 924 vetaret,

379 964 522 1026 Audisses
544 963 642 1024 verbis
665 962 754 1024 etiam
777 962 962 1040 grnrioribus
984 981 1087 1037 usum3

379 1074 481 1136 Vestra
505 1073 584 1135 euim
605 1071 744 1134 avarities
766 1089 870 1134 onmes
892 1072 1074 1135 contaminat
1095 1091 1173 1134 oras.

378 1183 490 1244 Perse
512 1181 653 1263 quisque,
676 1181 773 1244 bonos
795 1183 864 1243 dum
887 1182 993 1254 calcat,
1016 1181 1095 1243 tollit
1115 1181 1245 1262 iniquos.

378 1292 437 1353 Vos
459 1291 499 1354 ita
521 1300 658 1370 pastores
680 1292 745 1352 lore
767 1291 863 1352 sensit
882 1291 1043 1371 Apostolus
1065 1291 1125 1364 ille,

313 1405 361 1458 1⁰5
380 1401 437 1475 Qui
460 1400 519 1462 sibi
541 1402 623 1462 visus
644 1408 709 1463 erat
729 1400 896 1462 meretricis
919 1417 1041 1462 cernere
1063 1419 1146 1462 more

377 1510 507 1590 Regibus
529 1519 675 1583 utentm,
699 1527 774 1590 quac
796 1510 867 1572 hinc
888 1517 978 1590 atquc
999 1511 1070 1572 hinc
1091 1509 1202 1572 insidet
1222 1511 1322 1584 undis,

378 1621 461 1694 Quae
483 1620 702 1700 septingenties
724 1627 795 1694 nau,
814 1627 861 1682 est
881 1639 948 1684 curn
971 1620 1098 1692 vertice,
1120 1637 1256 1700 quaeque

377 1729 523 1792 Cornibus
546 1749 582 1792 ex
603 1729 691 1790 denis
713 1729 797 1791 duxit
817 1748 872 1791 sus
892 1729 1016 1801 robora,
1039 1730 1135 1791 donec

376 1840 521 1902 Virtutem
541 1839 611 1900 huic
629 1839 734 1918 juuoto
756 1839 834 1900 lama
856 1847 903 1900 est
922 1838 1073 1918 placuisse
1095 1839 1212 1902 memte.
1250 1847 1257 1862 ·

310 1961 359 2014 llo
376 1949 417 2011 Ex
439 1967 526 2022 auro,
550 1957 733 2029 argentoque
754 1949 848 2010 ileum
870 1947 1028 2010 ediuxistis
1049 1948 1081 2010 in
1103 1967 1174 2011 usus

375 2060 506 2120 Vestros.
549 2058 664 2139 Ecquid
685 2057 766 2120 enim
783 2057 846 2138 jam
867 2077 920 2120 vos
942 2057 1087 2120 discernit
1107 2058 1144 2120 ab
1166 2057 1228 2130 illo,

376 2168 434 2243 Qui
455 2169 560 2232 ilicum
582 2168 676 2230 coluit
695 2165 877 2230 simulacra?
897 2168 933 2231 ld
954 2183 1078 2246 nempe,
1100 2168 1180 2247 quod
1202 2186 1294 2230 uuum

374 2279 571 2358 Praecipuum
592 2277 643 2340 illc
664 2276 784 2350 hebuit,
806 2295 859 2338 vos
882 2286 1001 2339 centum
1023 2277 1054 2338 in
1076 2285 1143 2339 vota
1165 2278 1288 2340 vocatis.

372 2391 470 2463 Eheu,
495 2397 568 2469 quot
589 2387 736 2466 genetrix,
760 2406 777 2448 o
801 2386 1011 2460 Constantine,
1033 2386 1179 2450 malorum

309 2505 355 2558 11⁵
372 2500 495 2562 inventa
517 2505 577 2569 est,
601 2515 662 2558 uon
679 2495 743 2575 jem
766 2514 841 2575 quoe
863 2504 892 2557 te
915 2496 1062 2558 sententia
1084 2497 1180 2570 vertit,

373 2609 433 2670 Sed
455 2609 530 2680 dos,
555 2623 612 2686 qua
633 2605 762 2685 priunum
783 2615 900 2684 patrem
920 2605 1089 2668 cumulasse
1111 2607 1243 2686 priorem

371 2714 501 2778 llicerisi
524 2749 566 2760 -
587 2715 642 2776 Ast
663 2713 752 2786 alter,
771 2714 834 2794 jam
853 2715 963 2776 dudum
986 2733 1034 2777 me
1056 2715 1113 2778 ists
1135 2725 1270 2788 canente,

373 2825 442 2888 Sive
465 2826 548 2886 lurnr
567 2823 689 2885 stimulo
710 2841 765 2884 seu
787 2841 871 2886 mens
893 2823 973 2886 huno
995 2825 1116 2889 conscia
1138 2826 1252 2904 agaim,

372 2934 504 2996 Fortiter
524 2932 667 2995 ambabus
689 2931 787 2994 mines
809 2933 976 3013 propellere
998 2934 1120 3014 plantis.

306 3049 354 3102 ιω
414 3045 447 3106 ld
470 3043 559 3106 eredo
581 3041 732 3122 placuisse
754 3041 836 3116 duci,
860 3042 905 3106 sic
926 3042 1044 3105 adstitit
1064 3063 1116 3106 ore

372 3155 498 3234 Semper
517 3159 659 3216 contento
681 3153 852 3226 attendens,
875 3170 951 3233 qrrae
972 3172 1042 3215 rera
1062 3153 1216 3234 loquebar.

249 3324 251 3353 =
372 3266 470 3337 Quare
493 3263 666 3344 complexus
686 3262 819 3324 medium
841 3281 888 3324 me
910 3263 1031 3326 sustrdit
1051 3263 1131 3326 ulnis

249 3382 251 3405 ¹
370 3372 535 3444 Ambabus,
559 3373 726 3452 repetitque
748 3372 839 3442 viam,
863 3391 951 3453 quam
973 3373 1086 3451 legerat
1108 3383 1177 3435 ante

249 3480 251 3547 ἶ
370 3482 576 3556 Descendens,
598 3499 671 3560 prae
693 3500 727 3544 se
749 3481 814 3560 ipse
836 3482 904 3544 sinu
926 3501 973 3544 me
995 3484 1073 3546 lisud
1097 3484 1244 3564 stringere
1265 3485 1377 3561 lassus,

307 3601 352 3652 125
369 3592 413 3651 Ad
436 3591 543 3652 summi
565 3591 663 3652 donec
684 3589 803 3668 lastigie
825 3590 932 3654 detulit
952 3611 1048 3665 arcus,
1182 3601 1192 3622 ·

370 3700 436 3773 Qua
457 3701 545 3762 datur
565 3719 600 3762 ex
623 3713 727 3780 quarto
750 3701 787 3762 ad
810 3700 945 3780 quintum
967 3702 1181 3764 transcendero
1203 3703 1323 3766 salin.

369 3809 505 3872 Suaviter
526 3811 575 3872 hic
597 3810 715 3890 pondus
737 3809 851 3873 dimisit
872 3829 978 3882 suave,
1000 3812 1123 3890 praealti

247 3899 250 4009 ξ
370 3918 415 3980 Ob
438 3920 544 3982 durum
565 3920 682 3999 scopuli
704 3919 843 3993 dorsum,
865 3931 1086 4002 praeruptaque
1107 3939 1186 3994 usa,

247 4014 250 4129 i
368 4029 482 4109 Aspera
503 4047 580 4110 quae
602 4029 720 4110 capreis
742 4030 833 4092 luerit
853 4029 920 4102 ria;
942 4029 1051 4094 deinde
1073 4031 1167 4094 tuenti

247 4142 249 4223 l
305 4151 352 4204 13⁰
368 4139 497 4201 Alterius
518 4139 603 4202 vallis
625 4138 721 4219 patuit
741 4140 900 4202 tenebrosa
921 4158 1040 4220 vorago.

247 4390 250 4541 i
