3142 5166
601 425 783 476 ΡῑΙΒῦΔΤΟΒΙΙ
801 427 851 476 xii.

105 568 108 619 Ι

104 644 108 813 Ι
219 642 361 716 uenatus,
384 641 525 722 madibus
546 641 656 723 positis
678 662 738 723 quo
760 651 894 723 tempere
916 662 1021 708 norma

168 764 201 818 95
218 754 385 826 Mensurae,
408 759 439 813 et
461 752 554 814 eodex
576 761 640 816 erat
661 752 690 816 in
713 761 792 828 tuto3
815 753 894 817 haud
917 772 1005 818 senus
1024 754 1082 818 iste

104 818 107 913 Ῐ
216 863 293 944 liipa
315 859 494 934 remittebat,
517 860 595 926 mele
617 879 692 941 quae
715 881 804 942 aspra
824 863 885 928 hue
906 863 1019 928 decidit
1039 864 1113 930 erbe

103 932 152 1137 ἱ
216 973 260 1034 Ex
282 971 357 1048 ali03
380 982 412 1034 at
432 969 495 1038 uani
515 969 587 1036 hine
608 971 691 1036 illiue
711 971 802 1036 latera
825 973 917 1036 ardua
937 974 1025 1038 radit.

258 1082 336 1145 Itum
356 1099 413 1144 nus
434 1081 494 1144 hue
515 1080 594 1144 varai
614 1099 813 1161 properamus
835 1083 1010 1148 scandere'
1001 1103 1033 1146 ιιι
1054 1084 1147 1157 ilium,

216 1191 281 1254 flou
301 1191 412 1255 multae
432 1207 522 1254 renea
544 1207 665 1254 carmen
687 1189 837 1256 cecinere:
859 1191 947 1256 Brute·

154 1310 199 1364 ιω
218 1299 283 1373 Ter,
305 1301 412 1382 quidue
436 1299 584 1364 tamenne
606 1310 668 1364 utut
685 1318 808 1382 pauper
830 1305 1085 1382 epimenidem,

102 1382 106 1524 ἡ
213 1409 386 1476 emenonis
406 1407 481 1472 adeo
503 1410 645 1482 numeria,
668 1417 701 1473 ut
722 1409 824 1474 dicere
846 1428 908 1474 nun
929 1412 978 1474 ait

102 1546 105 1651 ‚
257 1518 304 1581 uh
326 1537 417 1599 qnam
438 1518 588 1582 Tartareis
610 1518 730 1580 differre
752 1539 769 1582 n
792 1519 926 1582 iaunibus
948 1521 1022 1584 isus

102 1660 104 1723 ι
212 1626 363 1692 Vidimus!
385 1626 451 1689 line
472 1627 583 1692 etenim
604 1645 660 1708 per
681 1635 786 1692 cantus
809 1627 877 1701 itur,
900 1637 930 1692 at
951 1629 1022 1694 illuc

101 1752 104 1825 ᾗ
213 1738 271 1801 Per
292 1754 443 1816 nmquam
465 1736 583 1802 audites
606 1745 731 1816 questus
753 1738 951 1820 fremitusque
974 1740 1091 1804 serenes

100 1872 103 1923 ς
151 1859 195 1912 1⁰5
209 1849 276 1910 Jarn
298 1854 420 1912 sanetus
442 1865 587 1926 superare
608 1848 719 1926 grauna
741 1866 798 1910 nes
820 1848 910 1912 arder
931 1847 1045 1928 mahat,

99 1932 103 2057 J
210 1957 248 2020 Et
268 1956 343 2020 mihi
363 1955 433 2035 pina
454 1955 548 2020 multu
570 1955 665 2022 lerinr
686 1956 808 2036 prodire
828 1956 962 2032 videbar,

98 2080 101 2213 i
211 2067 309 2142 Quam
330 2066 415 2146 prim
436 2062 469 2131 iri
489 2065 591 2146 piane.
636 2065 753 2140 Quare:
775 2065 839 2141 iiie,
861 2085 984 2147 quaeue,
1006 2066 1157 2146 magister,

210 2177 276 2239 'iaii
297 2194 372 2239 reue
393 2194 485 2255 ιοςος
508 2193 636 2255 quonam
659 2175 793 2256 grauiore
815 2175 942 2240 levatum

209 2286 347 2352 Pondere
367 2303 417 2348 me
439 2283 570 2350 eeneesi
590 2285 666 2348 Nam
687 2303 757 2378 pare
780 2285 865 2365 quusi
886 2285 967 2350 nulla
988 2284 1112 2350 laberis.

147 2407 193 2461 nu
206 2397 273 2460 Jam
294 2395 368 2464 mini
390 2395 526 2478 sentitur,
547 2393 676 2475 pedibus
698 2394 903 2462 conscendere
925 2395 1033 2460 aventi.
1052 2427 1094 2442 -·

208 2506 282 2570 Cum
305 2503 358 2568 tibi
379 2503 407 2570 P
425 2503 543 2584 reliqui,
565 2504 658 2584 positi
680 2505 730 2585 qui
751 2505 782 2569 in
805 2505 903 2568 fronte
924 2502 1071 2582 demuntur,

207 2616 295 2678 Nune
315 2615 405 2678 etiam
427 2632 522 2694 paene
544 2614 693 2689 exstincti,
715 2613 795 2678 velut
815 2631 893 2679 unua
917 2614 1082 2696 ademptus,

206 2725 315 2788 Abrnsi
336 2724 457 2804 penitue
480 2722 599 2796 fuerint,
621 2731 692 2788 tune
713 2732 838 2804 utraque
859 2723 968 2814 planta,

207 2835 323 2915 Sponte
344 2833 438 2898 lerata
460 2851 524 2908 sua,
546 2851 643 2912 usque
665 2832 740 2898 aden
755 2831 962 2913 superabitur,
985 2834 1089 2913 inquit,

146 2950 190 3004 11⁵
206 2943 245 3008 Ut
266 2943 307 3006 sit
327 2943 443 3017 nitenti,
465 2961 504 3007 ne
526 2941 597 3008 dum
619 2959 715 3022 grave,
738 2941 834 3017 dulue,
858 2944 989 3008 futurum

93 2996 97 3123 1
206 3053 324 3134 lmpeiii
345 3071 474 3115 sursum.
517 3052 615 3121 Veluti
637 3053 688 3134 qui
709 3059 810 3132 perun
830 3052 862 3116 in
884 3071 937 3115 ore

206 3163 298 3240 Signa
320 3181 376 3224 sun
397 3161 582 3244 imprudens,
605 3162 714 3228 nisisi
736 3161 817 3242 <prod
839 3162 973 3241 suspicet
994 3161 1064 3242 ipsi,

93 3324 96 3347 ,
204 3273 317 3336 Aderat
340 3271 462 3336 alterius
484 3280 584 3344 nutus,
606 3289 736 3352 namque
757 3271 851 3336 utitur
870 3278 940 3350 apte

205 3383 293 3444 Tune
313 3399 420 3448 menne
442 3379 562 3456 auxilio,
585 3381 759 3461 quaeritque
781 3388 870 3460 atque
892 3381 1012 3456 invenit,
1034 3381 1093 3446 iate

142 3491 315 3556 moninio
338 3492 475 3572 iungens,
499 3490 579 3570 quud
600 3491 666 3554 rien
687 3489 842 3554 absolvere
864 3509 926 3556 nun
948 3497 1010 3566 eeu

204 3603 256 3666 Sic
278 3601 389 3679 digitos
412 3601 532 3663 dextrae
553 3600 668 3666 intendi
690 3601 820 3666 frontem
841 3600 972 3680 undique
995 3600 1117 3674 cirrum,

202 3711 366 3794 invenique
389 3717 475 3774 netas
497 3727 597 3785 senaa,
620 3729 693 3793 quae
715 3717 851 3790 tempore
878 3727 969 3789 supra

203 3819 342 3884 Ciaribue
363 3827 495 3884 armatus
515 3819 590 3884 mihi
611 3821 742 3903 primum
763 3819 910 3886 inciderat
930 3819 1009 3894 ales;

89 3967 92 4019 ,
203 3930 292 4005 Quod
315 3947 383 3996 num
405 3930 537 4004 vidisset,
562 3929 687 3998 subruit
708 3929 795 3996 dulce
816 3928 967 4008 magister.
