3116 5162
1146 410 1216 416 ——
1246 411 1429 418 -..-—.-.—.
1440 412 1493 423 —.

318 459 359 525 32
754 459 955 514 ἸΝῙΕΗΝΟΗΙΙΜ
974 461 1030 514 tut.

384 680 462 744 Huic
483 697 554 760 ego:
577 679 771 761 Praeceptor,
790 683 854 763 jam
877 693 987 754 turres,
1011 680 1128 761 situque
1151 689 1230 744 tecte
1490 608 1492 649 Ι

334 802 368 854 tu
384 791 449 854 lilio
469 790 577 853 veliem
598 791 676 853 intre
697 792 802 853 videor
823 791 897 854 mihi
920 809 1043 852 cernere
1065 799 1157 853 certo.

384 899 438 962 His
459 899 566 963 rutilus
587 900 672 964 color
693 909 754 975 est,
777 901 875 962 lucem
896 908 928 962 et
947 901 1028 962 reiut
1049 901 1137 979 ignea
1158 899 1290 964 mittunt.

384 1011 473 1091 Isque
494 1010 586 1073 mihi:
609 1010 772 1082 deterrens,
795 997 856 1090 qur'
869 1009 923 1071 hes
946 1017 1043 1071 turres
1066 1009 1219 1090 excoquit,
1242 1010 1322 1090 ignis

384 1119 524 1182 Ostendit
544 1119 668 1194 rubrus,
691 1119 776 1182 utin
799 1119 858 1181 ime
880 1114 938 1181 hec
958 1119 1034 1180 velle
1056 1118 1157 1182 videre
1181 1129 1235 1182 est.

383 1231 441 1292 Fus
462 1229 520 1292 fuit
541 1237 571 1290 et
591 1228 680 1290 nobis
702 1230 801 1290 fossus
824 1228 935 1291 intrare
957 1228 1123 1309 profundus

332 1339 366 1393 ⁷5
383 1339 512 1402 Tristem
533 1338 677 1400 vellentes
699 1346 818 1400 terrem.
861 1337 933 1400 utini
954 1337 1072 1400 moenio
1094 1337 1170 1400 risu·

381 1449 500 1512 Ferrea.
544 1447 677 1510 circuitu
699 1465 766 1510 oum
787 1448 892 1527 longo,
915 1465 1042 1528 cunque
1063 1463 1188 1510 recursu

383 1557 524 1620 Venimus
546 1557 577 1618 in
599 1569 715 1639 partes,
737 1555 789 1619 uhi
812 1556 945 1620 clemens
966 1557 1065 1620 nerito
1087 1557 1191 1620 tortis:

382 1667 482 1740 Exite,
506 1665 672 1738 infremuit,
695 1674 778 1746 petet
798 1665 849 1727 hio
870 1665 1024 1746 ingressus
1046 1666 1077 1728 in
1098 1667 1213 1730 urbem.

424 1776 501 1838 Tum
522 1793 594 1838 vero
615 1775 723 1850 mults,
746 1775 838 1837 immo
860 1775 928 1855 plus
950 1793 1039 1855 quam
1052 1776 1154 1838 ‘millia
1175 1777 1237 1839 ridi

331 1897 366 1951 8⁰
383 1884 473 1948 Coelo
495 1884 664 1965 lapsorum,
688 1885 778 1946 corde
801 1883 990 1964 indignante,
1013 1895 1190 1965 rogantum:

381 1995 437 2058 ilic
460 1995 601 2076 quidnam
623 2003 670 2056 est
690 1995 840 2068 hominis,
863 1994 911 2056 cui
932 1996 998 2056 viro
1020 1995 1147 2075 contigit
1168 1996 1213 2058 ire

380 2105 480 2185 Regna
501 2121 558 2184 per
577 2104 753 2186 absumptae
775 2097 867 2167 iereii'
882 2105 986 2166 iuuere
1007 2102 1129 2183 gentis?

373 2215 434 2278 Sed
456 2225 527 2277 tunc
549 2224 728 2295 praeceptor
748 2215 871 2295 sepiens
893 2223 976 2276 stem
998 2214 1102 2276 anuuit
1122 2215 1193 2290 iuis,

374 2323 485 2388 Nescio
508 2325 596 2405 quid,
618 2341 653 2386 se
673 2323 750 2387 velte
771 2325 854 2405 ioqui
877 2343 912 2388 ec
934 2323 1092 2387 demittere
1114 2324 1146 2386 in
1168 2342 1266 2389 eures.

323 2436 358 2491 85
376 2435 453 2498 Turn
474 2453 545 2496 vero
568 2433 665 2513 gravis
687 2433 732 2496 iro
755 2435 839 2496 stetit
860 2451 1033 2513 compresse
1054 2450 1216 2518 parumper

258 2517 261 2721 b
379 2543 539 2607 Funtibus:
562 2544 628 2606 fluo
649 2543 752 2606 venies
774 2549 806 2603 tu
828 2542 926 2616 solus,
950 2553 979 2604 et
1002 2543 1053 2606 ille
1074 2545 1203 2618 recedet,

379 2654 460 2716 Haec
482 2671 573 2731 regna
595 2653 750 2731 ingressus
771 2659 854 2713 tento
876 2653 1053 2715 temerarius
1075 2671 1159 2718 suso.

257 2740 260 2857 j
379 2763 433 2825 lile
454 2761 558 2824 insane
580 2773 661 2824 retro
683 2769 800 2842 repetet
819 2759 943 2839 vestigia
965 2762 1067 2824 solus:

257 2880 260 2968 j
379 2872 557 2954 Experietur
577 2871 647 2942 iter,
671 2869 698 2932 si
720 2870 793 2942 scit,
815 2887 885 2933 nem
907 2870 957 2933 hic
978 2871 1044 2952 ipse
1066 2872 1211 2935 monebis.

257 3006 259 3057 μ
329 2993 363 3046 su
421 2981 512 3044 volve
533 2980 648 3053 animo,
670 2980 779 3053 lector,
802 2979 884 3060 qusli
904 2995 990 3042 mens
1011 2991 1114 3045 nostra
1135 2997 1245 3063 putore

256 3062 259 3167 i
379 3089 566 3160 Conciderit,
590 3089 768 3172 simulatque
790 3090 866 3152 haec
887 3109 934 3153 me
956 3092 1105 3154 sententie
1126 3092 1201 3154 diris

256 3202 259 3224 ¹
379 3200 533 3263 Percussit
551 3199 666 3273 verbis,
690 3209 723 3262 ut
744 3214 897 3280 nunquam
918 3217 1010 3280 posse
1032 3211 1167 3281 putarem

336 3341 339 3348 ·
377 3309 451 3374 Inde
472 3311 587 3373 referre
607 3307 725 3390 pedoni.
769 3308 894 3372 omini
913 3311 971 3372 dux
993 3310 1164 3384 uerissime,
1187 3311 1259 3385 dixi,
1357 3361 1363 3372 .

256 3408 258 3421 '
378 3420 449 3483 Plus
471 3420 536 3483 vics
558 3428 682 3500 septena
704 3419 778 3482 mihi
800 3419 916 3482 reddite
938 3437 1082 3502 sponsor,
1106 3430 1136 3484 et
1157 3421 1248 3484 obses

326 3543 360 3598 tt
378 3529 503 3610 Cognito
525 3528 555 3592 in
578 3527 800 3590 immeriritus
821 3529 1010 3604 discrimine,
1033 3548 1101 3593 oum
1123 3550 1172 3593 me

378 3640 489 3703 Contra
511 3637 707 3700 obsistentem
730 3638 858 3700 docuisti
881 3639 1007 3702 eredere
1028 3646 1155 3720 pestem,

376 3749 491 3812 Nemo
512 3749 558 3811 sic
578 3747 697 3828 linques
718 3747 884 3823 desernrm,
907 3757 995 3830 atque
1018 3751 1152 3814 omnium
1174 3764 1309 3830 egenum.

254 3904 257 3951 t
378 3857 465 3932 Quod
486 3858 513 3920 si
536 3857 594 3920 iter
613 3857 739 3922 dunos
761 3858 850 3920 nobis
871 3865 987 3922 tentare
1008 3869 1141 3939 negetur,

254 3960 257 4063 ζ
377 3967 438 4029 Nos
461 3967 569 4048 raptim
591 3968 704 4048 puriter
724 3968 849 4048 vestigia
871 3977 980 4032 nosue
997 3978 1144 4050 petemus.

254 4087 257 4133 t
311 4091 359 4144 loc
419 4077 493 4140 Turn
517 4095 592 4139 vero·
608 4077 659 4140 iiie
679 4089 803 4158 potens,
826 4080 877 4160 qui
899 4097 946 4142 me
968 4080 1148 4160 perduxerat
1168 4079 1257 4142 iiiuc:

254 4148 257 4217 ι
375 4188 457 4250 Pons
480 4195 607 4260 metum,
630 4187 714 4250 (deit.
756 4187 835 4250 Nulli
859 4197 905 4250 est
926 4207 1071 4253 concessu
1094 4197 1227 4270 potestus

374 4296 436 4360 Nos
459 4297 619 4378 prohibere
641 4297 702 4370 ein,
726 4315 815 4378 quarn
836 4315 916 4360 nunc
938 4300 1145 4362 contendimus
1167 4299 1227 4362 ine:

375 4407 476 4489 Usque
498 4407 572 4470 odeo
595 4403 919 4489 dentis'supereminet
940 4410 1039 4473 omnis
1062 4410 1165 4472 virtus.
1488 4418 1492 4515 Ι

985 4586 1489 4624 md!
