3170 5172
599 457 793 511 msenunuuu
809 457 856 510 Vll.
993 470 1001 492 ·

226 679 320 744 Teuta
342 679 474 760 magisve
496 679 646 758 frequens.
688 679 803 759 Magnis
825 679 985 744 ululatibus
1008 683 1061 758 iili,

174 791 301 852 tullius
323 789 393 853 inde
415 787 516 852 obnixi
537 787 690 850 volventes
712 799 835 870 pestere
855 789 961 864 mules,

139 945 142 952 .
225 900 299 964 Sese
321 899 486 963 eeedebent
507 897 639 970 adversi,
661 905 751 978 etque
773 899 832 961 hue
853 898 904 962 nbi
924 907 1045 964 venenu
1067 908 1122 974 est

225 1009 361 1090 Quisque
377 1008 489 1089 quedem
510 1007 646 1070 reterens
668 1007 817 1070 elemnbet
837 1016 961 1088 pestere
982 1017 1066 1072 toto:

225 1119 324 1192 Quere
345 1126 430 1199 perte
453 1113 563 1180 tenes?
585 1115 686 1190 Quare
707 1123 739 1178 tu
760 1114 907 1197 projicis?
928 1118 1025 1180 etsie

223 1228 360 1308 Undique
382 1227 420 1290 ed
441 1227 612 1308 oppositam
632 1235 748 1306 purtem
769 1243 803 1288 se
826 1225 952 1307 quisque
974 1226 1089 1290 serebat

174 1343 208 1396 tu
224 1338 345 1400 Tenum
367 1337 472 1400 orbem
491 1342 648 1417 repetens,
671 1334 762 1398 solite
785 1343 816 1398 et
836 1335 971 1398 eenuiuin
991 1355 1080 1400 versu

223 1446 423 1526 [ingeminans.
466 1446 503 1508 At
524 1445 577 1509 nbi
597 1444 729 1508 medinm
752 1445 923 1508 eonieeerst
943 1447 1046 1510 orbem

223 1555 338 1628 utera,
361 1573 525 1620 conuersus
547 1554 710 1618 conamina
731 1553 810 1618 inire
830 1553 964 1634 parebat.

266 1668 362 1746 Atque
384 1681 440 1745 eqo
462 1664 619 1747 perculsus
641 1664 771 1744 quedem
793 1664 878 1744 quusi
900 1663 1022 1727 vulnere
1044 1675 1191 1730 mentem:

223 1774 421 1854 Praeceptor,
444 1773 519 1848 dini,
541 1773 615 1836 mihi
637 1791 717 1836 nunc
738 1773 878 1846 ostende,
901 1773 974 1854 quid
995 1775 1076 1839 istud

174 1891 207 1946 tt
224 1884 271 1947 Sit
292 1880 417 1963 gentis?
438 1903 514 1965 qnos
534 1883 633 1946 nudus
655 1901 746 1965 uper,
770 1881 956 1965 detonsaque
977 1884 1009 1946 in
1031 1884 1134 1948 urbem

224 1993 351 2073 lusiqnit
372 1993 465 2068 eutis,
488 2011 566 2058 enne
587 2009 692 2056 omnes
714 2011 751 2055 ex
771 1992 878 2054 ordine
898 2011 986 2057 seere
1122 2038 1124 2046 ι

224 2103 262 2166 ni
284 2100 385 2166 laevi?
404 2103 481 2167 Dum
502 2101 561 2164 rite
583 2101 654 2176 init,
678 2111 844 2164 transverse
867 2110 986 2166 tuentes

224 2211 288 2274 fles
309 2212 387 2276 mele
408 2231 493 2276 mens
515 2210 620 2292 tepuit
641 2219 786 2284 cuncus,
809 2210 969 2290 dispendis
990 2229 1117 2292 quornm

224 2321 310 2386 flend
331 2341 440 2386 nevere
460 2322 598 2394 modum,
620 2320 711 2397 utriq
734 2320 814 2402 qued
835 2319 1071 2384 uimine-uero

174 2442 208 2497 tu
225 2431 291 2494 Vite
312 2439 414 2505 sonet,
437 2449 505 2494 eum
525 2439 636 2512 punctu
659 2431 718 2493 duo
742 2429 865 2509 tetigere
886 2429 1033 2509 niventis

225 2539 330 2615 Orbis,
352 2540 404 2604 nbi
425 2533 571 2621 disjungit
591 2557 645 2602 ens
667 2539 815 2603 enumeris
838 2539 935 2620 culpe.

225 2649 318 2723 Queis
340 2650 433 2712 nudet
453 2658 577 2712 tonsure
600 2657 703 2730 eaput,
725 2649 770 2722 hi,
793 2649 863 2712 dum
886 2647 964 2712 mma
984 2649 1125 2714 menebut

224 2759 306 2833 Vite,
328 2759 502 2822 secerdotes
525 2759 656 2833 inerunt,
681 2767 711 2822 et
732 2758 854 2822 uerutus
876 2759 908 2820 in
930 2758 991 2822 eitn

224 2868 383 2948 Fulgentes
405 2879 486 2930 estre
508 2876 626 2948 patres,
647 2860 803 2950 primaque
826 2866 910 2943 uara,

174 2985 208 3041 tn
224 2977 260 3040 ln
281 2977 389 3058 quibus
411 2987 458 3040 est
478 2976 640 3040 beenhetus
662 2995 747 3042 emer
769 2995 897 3042 vesanus
918 2976 1058 3040 habendi.

225 3087 339 3150 Rursus
361 3105 431 3166 ego:
453 3087 516 3150 Hes
538 3087 617 3150 inter
638 3095 738 3150 umen
760 3087 886 3150 etmihi
908 3105 1000 3150 nosse
1020 3087 1123 3150 tinebit

227 3197 395 3271 Quosdam,
418 3196 470 3276 qui
492 3196 613 3259 inerunt
632 3195 777 3258 immundi
798 3197 855 3258 hue
876 3196 944 3258 labe
965 3192 1121 3258 meierum.

226 3306 255 3368 is
276 3305 366 3369 mihi:
389 3306 471 3366 vene
494 3315 543 3368 tuo
566 3303 769 3390 nequidquam
790 3313 912 3384 peetnre
933 3304 1037 3369 rolris.
1078 3346 1082 3364 ,

227 3415 311 3490 Onne
332 3415 462 3496 turpavit
482 3433 551 3488 ens,
573 3414 652 3477 mele
673 3415 809 3494 cognite,
833 3414 954 3478 sordide
975 3415 1036 3479 rite

174 3527 209 3582 nd
226 3525 353 3588 Omnem
373 3524 512 3586 notitiem
534 3523 657 3586 inuoluit
678 3524 805 3604 eadgine
827 3543 928 3588 eeeee.

225 3635 385 3697 Aeternum
405 3633 547 3714 opposite
568 3633 627 3696 due
649 3633 764 3716 proelia
785 3635 883 3696 fronte
905 3633 1034 3700 ciebunt.

224 3743 286 3804 iius
308 3743 405 3824 palme
427 3743 555 3807 eddnetn
576 3743 697 3806 umetis
720 3743 802 3806 exire
824 3743 948 3818 uidebis,

224 3853 288 3914 ides
310 3861 424 3916 tunsus.
466 3853 544 3916 niele
566 3861 651 3916 snete
673 3853 760 3926 dere,
783 3865 814 3915 et
835 3853 912 3916 mele
933 3863 1017 3917 sueta
1038 3862 1142 3918 tenere
1206 3893 1209 3898 ,

223 3962 349 4024 ltextme
371 3981 424 4026 ens
445 3963 562 4044 pruenti
585 3961 731 4024 fraudarit
751 3962 863 4026 lumine
884 3963 996 4038 menni,

170 4079 207 4134 nt
224 4071 307 4134 Misit
325 4079 356 4134 et
376 4071 406 4134 in
430 4074 518 4136 telem
540 4073 665 4134 lustum:
689 4091 765 4152 qnee
788 4081 957 4154 quenmque
978 4073 1093 4153 gliscet,

223 4179 308 4242 Nunc
329 4199 426 4261 neque
448 4200 504 4261 equ
526 4181 654 4254 ornetis,
677 4199 775 4262 neque
797 4181 899 4245 multis
919 4182 1055 4246 versibus
1077 4182 1173 4246 edem.

222 4289 295 4363 Fili,
318 4308 409 4354 nesse
430 4290 550 4354 breuem
573 4309 662 4372 quem
683 4291 788 4354 ludent
808 4293 883 4360 haee
903 4292 983 4355 hene
1004 4291 1105 4356 ludum

222 4399 371 4465 Fortunae
393 4401 554 4464 commisse
573 4409 677 4482 petes,
700 4401 837 4466 mortalia
860 4411 942 4465 tento
