3124 5170
552 451 746 503 ltlrunrlonult
764 452 828 502 lxx.

192 669 278 731 Visae
301 679 370 732 sunt
392 667 466 731 adeo
488 669 518 730 in
541 687 718 748 quemquam
740 672 872 743 saevire,
894 671 939 732 rel
961 690 1060 751 ungue

191 780 313 857 Figere,
336 779 445 840 nedum
466 778 635 852 hominum,
658 780 825 842 rabidarum
848 779 980 842 membra
1001 782 1138 855 terarum,

193 889 274 950 Sicut
297 888 338 950 ibi
360 887 530 950 umbrarum
551 889 610 949 ridi
633 890 788 952 simulacra
811 889 935 951 duarum

191 997 293 1071 Arida,
317 998 395 1059 nuda
418 1005 499 1060 artus
522 1015 554 1058 se
577 997 691 1060 alterne
713 1000 863 1062 incessere
886 1018 997 1072 mersu,
1058 1027 1061 1032 ·

144 1119 175 1172 25
192 1106 324 1185 Tamque
348 1107 405 1168 cito
429 1106 499 1168 lerri
523 1125 628 1180 cursu,
653 1117 761 1187 quamn
784 1109 892 1186 impete
913 1127 1034 1188 percus,

191 1216 264 1278 Cum
286 1235 320 1276 se
342 1215 430 1277 solvit
450 1217 530 1278 hare.
574 1216 650 1278 Petit
671 1229 751 1279 artus
775 1237 832 1279 una
855 1218 991 1291 Canoeer,

190 1325 225 1386 Et
248 1325 317 1386 colli
340 1326 450 1388 nodum
472 1325 651 1406 compressit
671 1326 758 1387 dente
780 1327 875 1388 tenaci

190 1435 255 1508 Sic,
278 1443 311 1496 ut
331 1443 445 1515 raptate
467 1444 569 1498 venter
590 1436 693 1498 tellure
716 1436 866 1498 tricandus

189 1544 265 1606 Huic
288 1555 369 1606 esset
390 1545 493 1606 solida.
539 1545 629 1618 Tum,
653 1545 703 1629 qui
726 1546 806 1606 stetit
827 1564 880 1606 ore
902 1555 1047 1620 trementi,

141 1665 173 1718 ³0
188 1656 337 1716 lluerrnns
360 1654 413 1715 ait:
437 1655 590 1717 Furiosam
613 1671 702 1715 cerne
722 1655 844 1716 Jornnrs

188 1765 311 1826 Srrccsr
334 1763 467 1826 umhrsm
489 1773 612 1826 cunctos
635 1765 679 1826 sic
700 1764 896 1843 depectentis.
920 1797 959 1808 —-
982 1770 1019 1827 nt
1040 1767 1089 1828 isti

188 1874 268 1935 lliri:
291 1872 316 1934 0
340 1873 383 1934 sic
404 1882 506 1953 parcat
526 1883 555 1936 te
577 1876 668 1952 figere
691 1873 827 1936 dentibus
849 1875 938 1948 alter3

187 1983 230 2046 Ne
253 2000 339 2061 grave
361 1984 400 2045 sit
421 1983 491 2058 leri3
515 1983 577 2056 dic,
602 1984 738 2062 quisnam
760 1992 805 2045 est
827 1984 893 2057 ille,
916 1986 1088 2065 priusquam

188 2093 300 2154 isthinc
322 2100 464 2171 erumpat.
507 2093 651 2154 Mesenae
674 2102 757 2155 retus
780 2093 828 2154 illa
850 2094 993 2156 scelestae

139 2215 171 2269 ³5
187 2203 240 2264 Est
261 2203 371 2274 anima,
395 2202 424 2262 in
446 2210 559 2280 patrem
581 2203 626 2264 les
648 2202 723 2266 ultra
745 2204 860 2282 perdite
882 2204 990 2278 amica;

5 2367 9 2412 ᾖ
75 2330 79 2487 q
187 2311 305 2375 Crimen
328 2312 357 2372 in
381 2312 511 2372 incestus
534 2329 623 2391 mem
644 2312 731 2374 traxit
752 2313 854 2374 lreude
877 2313 933 2373 sul)
956 2313 1025 2374 ista:

185 2420 313 2483 Alterius
336 2420 460 2482 lemnam
481 2422 556 2482 lalso
579 2422 713 2494 mentita,
735 2421 848 2501 parenti

185 2531 260 2592 Sese
283 2531 456 2611 supposuit3
479 2529 559 2592 velut
580 2531 668 2604 alter,
692 2531 742 2609 qui
764 2530 833 2592 inde
856 2531 977 2603 recedit,

184 2641 268 2718 Fingi
291 2659 324 2702 se
345 2641 467 2702 lluosuu
489 2641 603 2702 Dnnarr
625 2659 748 2719 pessus,
772 2659 913 2720 equarum
977 2621 979 2624 ⁵

136 2771 168 2824 ω
185 2749 222 2812 Ut
242 2767 331 2828 grege
354 2749 391 2810 dc
413 2757 474 2810 teto
496 2751 627 2828 reginam
649 2751 829 2830 acquireret,
853 2769 943 2812 ausus

184 2859 299 2921 Testari
320 2859 401 2922 hunc
422 2859 579 2932 simulans,
602 2859 689 2920 simul
713 2867 742 2920 et
763 2859 869 2922 tabulis
892 2860 962 2921 dare
984 2879 1126 2922 nonnam.

225 2968 387 3048 Postquam
408 2968 507 3032 abiere
530 2969 588 3030 duo
611 2968 714 3030 rabido
737 2969 822 3031 obvia
844 2970 932 3031 dente
954 2978 1098 3049 petentes,

182 3079 217 3140 lu
239 3098 315 3158 quos
338 3079 472 3140 obtutum
493 3078 635 3156 flgebem,
658 3079 767 3140 lumina
790 3080 862 3140 verti

181 3188 355 3268 inspectura
376 3188 450 3250 elics
472 3187 548 3251 male
570 3197 666 3250 natos.
711 3189 749 3249 Se
772 3187 877 3249 obtulit
898 3189 971 3250 alter

132 3302 164 3356 ⁴5
181 3297 367 3377 Spectandus
389 3297 452 3359 litui
475 3300 582 3370 torma,
608 3317 694 3378 quam
716 3306 795 3360 tetus
818 3296 952 3370 habehat,

179 3408 247 3468 Non
270 3407 354 3469 aliter
375 3408 487 3476 lactus,
511 3408 537 3469 si
559 3407 660 3469 demas
683 3407 802 3486 inguina
823 3408 908 3487 perti,

179 3518 246 3591 Qua
267 3517 312 3578 vir
333 3517 372 3578 sit
392 3516 511 3579 bifidus.
555 3518 658 3579 Gravis
680 3518 824 3596 hydrops,
849 3518 967 3596 dispare
989 3535 1091 3578 norma

177 3627 230 3690 Sic
250 3626 383 3690 membra
404 3627 537 3688 alliciens
560 3635 716 3705 congcstae
740 3628 824 3706 copia
846 3628 941 3706 aquei,

66 3692 69 3847 ξ
178 3735 275 3809 Quam
296 3735 373 3798 male
396 3737 553 3810 convertit,
576 3736 698 3798 minime
720 3745 752 3800 ut
773 3737 952 3816 respondeat
972 3738 1035 3800 alvo

65 3886 68 3965 Ι
128 3851 160 3904 5⁰
178 3845 237 3918 Os,
259 3845 341 3907 hunc
363 3847 501 3908 continno
525 3845 614 3908 labris
637 3846 750 3908 inhiere
772 3846 899 3908 reclusis

65 3990 68 4059 l
177 3955 277 4032 Cogit,
300 3973 383 4016 more
406 3955 476 4028 viri,
500 3975 588 4034 quern
610 3956 707 4018 tabida
729 3956 821 4020 lebris
843 3957 947 4030 adurit,

64 4082 67 4201 Ι
175 4065 252 4138 Qui,
276 4064 443 4128 stimulante
464 4065 514 4127 siti
537 4083 604 4126 curn
625 4068 743 4144 llagrat,
767 4066 905 4145 deprimit
926 4067 1015 4126 imum

64 4210 66 4231 .
174 4174 219 4236 lld
241 4183 390 4247 mentum,
413 4175 588 4254 invertitque
611 4176 646 4236 ad
670 4193 757 4238 neres
779 4195 875 4256 usque
898 4194 1072 4256 supernum.

63 4287 65 4327 Ι
218 4283 243 4345 0
267 4303 334 4358 res,
358 4285 409 4363 qui
429 4303 546 4364 poenae
568 4286 714 4348 immunes
736 4289 805 4360 (nec
826 4287 943 4364 cognita
965 4287 1080 4360 caussa)

61 4336 65 4535 i
124 4393 456 4473 susceperamus
479 4387 618 4472 regnum,
643 4396 876 4476 circumspicite,
899 4395 1004 4474 inquit,

1138 4487 1175 4545 g*
