3116 5162
569 467 763 522 rurnuuonou
781 471 816 520 u.
1240 507 1242 516 .

701 729 755 812 d

276 907 315 969 Ut
334 907 409 968 mibi
432 924 517 968 meus
540 905 644 979 rediit,
668 925 743 987 quae
766 925 834 970 sese
856 907 1045 971 obstruxerat
1066 920 1134 973 ante

192 1019 392 1094 linguatorum
416 1015 535 1077 umbras
557 1015 709 1094 geminas,
734 1017 803 1097 quia
826 1019 953 1098 plurima
977 1037 1085 1082 sensus

192 1125 328 1188 Tristitia
350 1125 447 1207 pietas
468 1124 543 1186 mihi
564 1125 791 1204 perturbaverat
813 1145 932 1203 omnes,

191 1236 236 1298 En
257 1253 334 1298 nove
356 1252 521 1315 poenarum
545 1234 654 1308 laoies,
678 1252 753 1297 nora
776 1238 871 1299 torma
894 1237 1027 1299 loentum

159 1345 324 1418 5Poenas,
347 1361 536 1424 quocumque
559 1343 724 1418 incessum,
749 1363 936 1426 quocumque
959 1347 1110 1409 studerem

193 1457 313 1518 Vertere
334 1473 398 1526 rue,
422 1471 611 1534 quocumque
633 1453 788 1516 oculorum
810 1454 921 1517 lumina
945 1457 1033 1519 terre.

191 1564 383 1643 Devenioque
404 1563 509 1636 locos,
532 1563 583 1625 ubi
606 1563 700 1624 saevit
722 1563 827 1626 tertius
850 1564 932 1627 orbis

190 1675 225 1735 lli
246 1673 366 1754 pluviae
388 1680 522 1744 aeterna,
546 1690 648 1746 sacra,
672 1671 829 1754 gelidaque
851 1673 1001 1754 gravique,

191 1784 246 1847 Cui
268 1783 377 1846 modus
399 1799 494 1862 usque
517 1799 607 1858 suus,
630 1783 748 1844 novitas
771 1783 819 1844 cui
841 1782 932 1844 nulla.
975 1784 1091 1848 Ruebat

145 1901 174 1953 to
190 1895 303 1972 lgmen
326 1909 421 1971 equae
442 1891 569 1965 tinctae,
592 1900 624 1955 et
645 1892 741 1954 solida
763 1892 823 1954 nix
836 1893 980 1971 grandine
1002 1894 1091 1956 mistn

189 2005 265 2065 Aera
287 2020 344 2082 per
365 2000 491 2063 densum
513 2001 598 2080 nigra
621 2001 780 2064 formidine
802 2019 936 2064 coecum.

189 2111 315 2174 Exhalat
336 2127 454 2174 saevam
477 2109 564 2173 tellus
585 2110 698 2173 imbuta
720 2111 877 2191 mephitim

229 2221 334 2284 llellua
355 2220 487 2283 crudelis
509 2221 700 2301 diversaque,
725 2209 897 2292 decennus,
921 2238 973 2282 ore

83 2368 86 2389 .
189 2330 370 2410 Tergemina
391 2330 479 2392 latrat
500 2329 650 2392 furibundi
674 2349 756 2391 more
778 2329 912 2402 molossi,

145 2443 173 2497 ll
189 2441 344 2504 llamnatis
366 2440 497 2514 instans,
521 2457 597 2520 quos
619 2438 727 2517 mergit
748 2447 830 2500 vasta
852 2457 973 2518 vorago.
1089 2471 1091 2476 ,

190 2549 355 2628 Sanguinei
378 2550 448 2612 buic
470 2549 563 2622 oculi,
588 2555 648 2610 stat
668 2547 760 2609 barba
782 2547 853 2610 huic
874 2557 979 2623 uncta,
1004 2550 1105 2612 colore

186 2655 290 2724 Foeda
312 2667 392 2732 atro,
414 2658 630 2733 verterimus,
653 2677 761 2720 manus
781 2657 916 2739 hispida,
940 2658 1056 2720 adunco
1191 2739 1193 2746 Α

189 2771 294 2850 Ungue
316 2769 437 2831 umbras
459 2769 586 2841 lacerat,
610 2767 794 2849 glubeusque
815 2769 848 2830 in
870 2770 964 2831 lruste
986 2771 1119 2832 resolvit.

83 2880 86 2961 l
189 2879 252 2942 llas
273 2879 371 2941 imber
392 2860 473 2956 cogit
495 2884 602 2958 questu
625 2875 774 2940 exululare
796 2878 921 2941 canino:

83 2970 86 3059 l
143 2995 174 3047 st
188 2987 275 3052 Nunc
296 2987 400 3050 lateris
422 2988 497 3050 laevi
520 2986 685 3049 defendunt
706 2987 804 3068 objice
826 2988 972 3060 dextrum,

188 3100 275 3162 Nemo
297 3097 393 3160 dextri
415 3096 540 3159 laevum.
583 3097 711 3185 volvunt
732 3096 777 3158 sic
799 3115 832 3158 se
854 3115 950 3177 usque
971 3098 1100 3176 profani.

232 3209 295 3270 Nos
317 3207 370 3269 ubi
392 3205 547 3286 prospexit
568 3223 694 3284 magnus
717 3206 807 3268 draco
830 3207 1001 3279 Cnnnenus,
1025 3225 1077 3268 ora

190 3317 313 3390 Pandit,
337 3323 368 3377 ct
388 3315 521 3378 ostendit
541 3323 655 3378 stantes
678 3313 773 3379 denso
795 3316 913 3394 agmine
934 3315 1051 3378 dentes.

190 3427 310 3490 Nullum
332 3425 413 3506 quod
434 3425 548 3488 sineret
567 3425 735 3488 membrum
757 3426 938 3500 consistere,
961 3425 1098 3488 babebat.

141 3547 173 3600 st
191 3537 268 3600 'lum
290 3536 350 3598 dux
370 3534 504 3598 extendit
523 3535 638 3616 palmas
662 3544 830 3616 terramque
851 3535 1019 3616 prehendit,

188 3644 228 3709 Et
247 3645 387 3709 manibus
408 3644 507 3725 plenis
529 3645 674 3708 inhiantis
695 3645 779 3707 misit
799 3645 830 3706 in
853 3663 915 3707 cro.

189 3753 287 3837 thue
309 3754 407 3828 emis,
432 3771 521 3834 quem
543 3754 607 3818 dira
630 3756 724 3820 temes
746 3755 855 3817 latrare
877 3753 984 3832 coegit,

187 3865 266 3929 lium
287 3865 405 3927 mordet
424 3873 543 3946 pastum
566 3873 735 3946 correptum
757 3864 862 3935 dente,
886 3864 1024 3944 quiescit,

187 3975 222 4038 ld
245 3983 359 4036 mutum
381 3983 523 4055 spectans
544 3993 755 4055 pugnansque,
779 3981 812 4036 ut
833 3972 956 4038 devoret
978 3991 1093 4036 escam:

142 4089 174 4142 at
187 4083 300 4150 Lurida
321 4083 368 4146 sic
388 4091 525 4146 monstro
547 4092 594 4146 est
615 4084 708 4148 iacies
730 4091 842 4146 mutate
864 4079 981 4146 triledci

190 4193 376 4258 Obtuudenti
398 4193 513 4258 animes
535 4193 592 4266 ita,
616 4203 648 4256 ut
668 4193 886 4256 obsurdescere
908 4193 1022 4256 malint.

231 4303 331 4367 lmbre
354 4305 436 4383 gravi
458 4304 587 4367 domitos
609 4323 666 4366 nos
686 4303 936 4385 praeterlebimur
957 4303 1089 4374 umbros,

188 4413 226 4476 lit
246 4431 339 4476 ranas
360 4413 492 4476 bominis
513 4414 571 4476 vivi
593 4415 649 4478 sub
671 4413 800 4495 imagine
822 4415 934 4476 formas
