3124 5170
878 377 1482 423 m——ffi

1479 470 1481 481 ι

1479 494 1482 507 i

1480 680 1482 695 Ι

1480 724 1482 739 Ι

750 433 942 486 tumultuanti
959 435 1016 484 xtt.

871 693 954 776 xvi.

421 877 545 938 Ventum
567 881 631 936 erat
652 873 683 934 iu
705 880 820 953 partes,
843 871 894 932 ubi
917 889 1011 954 aquae
1031 870 1160 934 labentis
1182 873 1212 934 iu
1236 874 1341 938 orbem

380 985 572 1066 Suppositurn
594 982 737 1062 strepitus
758 989 877 1044 uestras
899 980 940 1043 ita
961 981 1089 1062 pereulit
1109 1001 1206 1055 aures,

380 1096 430 1169 lit,
454 1094 532 1175 quod
554 1092 643 1173 plena
664 1090 763 1154 soient
784 1091 910 1153 alvearia
931 1091 1063 1164 mittere,
1086 1110 1246 1168 murmuri

380 1206 453 1267 Cum
475 1202 633 1265 simulacra
654 1201 742 1264 simul
763 1201 824 1262 vidi
847 1200 901 1262 tria
925 1200 1010 1262 deria
1031 1219 1120 1262 eursu

347 1311 555 1376 5Deaeruisse
576 1329 682 1390 agmen
703 1310 758 1372 sub
780 1309 846 1371 dire
868 1309 992 1372 evadere
1014 1309 1116 1372 nimbo

381 1422 527 1503 Supplieii
549 1438 729 1502 properans,
752 1427 783 1482 et
803 1418 890 1482 nubis
913 1419 997 1482 ebria
1020 1420 1102 1482 sarri.

379 1532 502 1612 Singula
524 1529 704 1593 clamabant:
728 1529 821 1604 Siste,
844 1547 878 1603 n,
902 1547 989 1608 quem
1011 1529 1113 1608 prodit
1133 1533 1259 1593 amictus

379 1641 563 1714 Nostratam‚
585 1657 692 1720 prauae
713 1647 889 1720 prognatum
911 1638 1025 1700 semine
1046 1646 1152 1701 terrae.

378 1751 435 1814 ttei
456 1749 545 1824 mihi,
568 1767 644 1830 quae
665 1767 755 1822 uera,
779 1767 854 1828 quae
874 1756 974 1810 vetera
996 1747 1056 1810 illis
1077 1747 1197 1812 vulnera
1220 1750 1319 1814 inusta

331 1869 362 1920 ltt
378 1860 508 1924 tremus
530 1857 632 1938 aspexi
650 1857 800 1939 iaculante
821 1857 959 1920 incendia
980 1856 1114 1920 flammai

378 1970 463 2032 Nune
485 1947 603 2051 nunqua
625 1986 710 2030 mens
732 1975 855 2029 renovat
876 1966 1027 2028 revocanti
1050 1967 1119 2030 talia
1142 1967 1263 2032 luctum.

421 2077 575 2152 Substitit,
598 2075 707 2140 auditis
729 2078 834 2140 harum
857 2075 1052 2150 elamoribus,
1076 2085 1174 2140 etms

378 2187 553 2274 Respiciens
574 2187 696 2249 docter:
718 2187 838 2250 llaneas
860 2194 891 2248 et
911 2185 1035 2248 comiter
1056 2186 1131 2248 istus

377 2299 450 2374 Fae,
472 2298 527 2372 ait,
551 2297 692 2377 accipias.
734 2296 772 2357 Et
792 2295 824 2356 ui
846 2295 908 2358 iera
930 2296 1045 2375 apicula
1067 2297 1203 2360 flammae

330 2411 361 2465 15
378 2409 518 2471 Naturam
540 2407 649 2470 feriant
669 2405 816 2485 regionis,
838 2413 867 2467 te
890 2405 1015 2486 aeqruus
1036 2423 1104 2468 ease

377 2517 539 2590 Dixissem,
562 2535 650 2597 quam
670 2514 754 2589 illos,
776 2523 956 2595 properante
978 2515 1120 2578 aeeedare
1142 2535 1243 2596 passu.

420 2627 458 2690 Ut
479 2625 629 2700 stetimus,
651 2637 735 2688 vetus
757 2625 800 2686 illi
823 2625 965 2688 iterarunt
987 2624 1086 2686 flebile
1109 2643 1243 2702 carmem

378 2736 473 2816 Atque
495 2735 544 2798 ubi
567 2754 623 2798 nos
645 2743 770 2816 propter
791 2735 868 2796 trina
889 2735 964 2798 haee
985 2734 1143 2797 simulacra
1165 2737 1257 2809 luere,

378 2843 467 2906 Trina
489 2852 585 2906 rotam
607 2845 645 2907 de
666 2863 700 2906 se
721 2844 809 2906 simul
832 2843 1015 2924 implicuere.
1058 2845 1193 2908 Virorum

326 2961 361 3014 att
378 2954 415 3018 Ut
435 2973 500 3016 mes
522 2962 581 3027 est,
602 2953 654 3016 ubi
676 2953 749 3018 nudi
769 2951 911 3036 uuetiqua
931 2955 1049 3016 adstare
1072 2955 1209 3019 solebant

377 3065 536 3144 signantes
557 3063 668 3139 onmis,
690 3081 749 3144 quo
770 3071 887 3126 uertant
907 3063 1005 3143 aptius
1027 3083 1116 3138 arma,
1216 3053 1220 3062 ⁸

376 3177 451 3237 Ante
474 3174 550 3236 ictus
572 3193 661 3255 quam
682 3173 759 3236 iuter
781 3192 814 3235 se
837 3186 867 3236 et
887 3173 1008 3238 vulnera
1030 3183 1114 3236 acuta
1138 3175 1266 3246 einana

378 3283 498 3362 Singula
519 3301 580 3346 uon
602 3284 703 3357 aliter,
727 3283 797 3348 dum
819 3302 853 3346 ss
876 3291 967 3355 rotat,
990 3283 1093 3346 umbra
1115 3283 1235 3346 tenebat

376 3394 410 3455 ln
431 3411 479 3454 me
500 3411 616 3456 versam
638 3392 732 3455 aciem
754 3393 813 3463 sie,
836 3402 869 3455 ut
891 3392 1039 3455 contraria
1061 3393 1139 3456 eollo

327 3511 359 3563 25
376 3503 480 3564 Planta
503 3503 559 3564 iter
580 3501 699 3564 assidua
722 3503 842 3564 iaceret.
863 3535 905 3546 -
928 3503 1012 3564 Tune
1033 3503 1144 3584 insipit
1160 3521 1251 3565 unus:

377 3612 410 3674 st
431 3611 516 3674 iocus
538 3611 588 3672 hie
608 3610 701 3674 miser
722 3609 854 3673 instabili
877 3611 1044 3674 substratus
1065 3631 1164 3687 arena,

376 3720 501 3784 Tinctrut
523 3732 553 3782 st
574 3729 727 3801 aspectus,
752 3720 905 3802 tristiaque
926 3721 1028 3785 edisse
1049 3722 1184 3784 monebit

376 3831 438 3892 Nos
460 3837 637 3910 uestraeque
658 3849 779 3911 praees,
802 3842 833 3892 at
854 3831 959 3894 saltem
979 3832 1098 3894 flectere
1120 3839 1221 3894 nostra

376 3941 465 4002 Fama
487 3948 568 4002 mam
588 3939 685 4002 valeat
704 3949 847 4016 mentem,
872 3949 902 4003 et
922 3942 960 4003 tia
982 3940 1113 4015 discere,
1137 3942 1187 4023 qui
1209 3941 1262 4014 aia,
1328 4005 1336 4022 ,

328 4055 361 4108 ³⁰
378 4050 438 4112 Cur
457 4049 537 4112 rivas
560 4049 601 4112 ita
622 4050 668 4112 [aa
689 4059 752 4114 tuto
774 4059 821 4114 est
842 4051 980 4114 irieuisse
1003 4051 1137 4114 cavernis

378 4159 529 4222 Tartareis
551 4159 676 4241 plantas.
719 4161 775 4222 Hie
795 4161 854 4233 vir,
876 4161 1000 4241 vestigia
1023 4161 1108 4242 eujus

377 4271 424 4332 lie
445 4268 561 4332 ealeare
582 4269 680 4344 vides,
704 4287 882 4350 quamquam
904 4271 948 4334 aie
969 4279 1051 4334 reste
1073 4271 1202 4352 pilisque

379 4380 504 4460 Capeus,
527 4379 565 4443 de
586 4379 700 4462 majore
722 4380 815 4459 gradu
837 4388 895 4452 est,
919 4399 1007 4462 marn
1029 4381 1106 4444 iente
1128 4381 1265 4463 putabas.
