3124 5170
320 437 363 502 qe
764 435 959 488 turmuouuu
976 400 1028 486 ιιιῖ

277 531 529 545 ..-.---

388 656 496 729 Nussr,
518 654 630 737 inquit,
655 654 706 736 qui
729 653 801 716 olim
823 672 879 734 pro
901 657 1055 718 neronior
1078 654 1219 717 Deterret

389 765 550 838 Occubuit‚
574 765 710 846 cavitque
731 765 827 836 idem,
851 783 889 826 ne
912 763 953 826 ite
976 763 1087 826 inultus
1109 763 1217 827 obiret

337 885 370 939 tt
387 877 483 956 Atque
504 875 571 948 hio,
594 875 645 956 qui
668 874 784 938 medius
805 873 938 936 demisso
960 874 998 934 ed
1020 881 1125 953 peetus
1147 873 1282 938 inhaeret

389 985 516 1058 ouium,
539 1003 607 1048 sese
629 984 810 1066 inspiciens,
833 991 881 1045 est
901 1001 1026 1062 megnue
1049 981 1185 1046 alumnus

386 1095 515 1167 Pelidis,
539 1095 665 1157 (lernou.
707 1094 790 1156 Alter
810 1094 931 1161 Pronus
955 1092 1023 1167 ille,
1046 1093 1102 1156 sub
1123 1092 1186 1156 aeri

386 1205 500 1268 lrerum
521 1205 629 1266 fluetus
652 1213 750 1266 tentos
773 1203 823 1283 qui
845 1211 968 1284 pectore
989 1203 1089 1264 volvit.

387 1316 473 1377 Stent
494 1313 607 1376 oireum
629 1315 741 1376 testem
764 1312 927 1386 innumeri,
951 1331 1155 1392 quoscumque
1178 1313 1273 1392 pereti

335 1439 370 1491 to
385 1425 491 1504 Figere
512 1425 571 1486 telo
594 1424 709 1486 animes
731 1440 863 1486 emerere
884 1422 1029 1502 sunguine
1050 1423 1136 1504 pius,
1160 1441 1248 1503 quem

387 1537 475 1598 Sorte
496 1533 557 1596 illis
579 1551 633 1596 sue
654 1552 730 1596 noxe
752 1533 845 1596 dedit.
888 1533 950 1595 Noe
972 1531 1024 1594 ille
1047 1532 1175 1595 tenerum

314 1659 318 1668 ·
385 1644 524 1724 Agmine,
546 1643 642 1706 veloci
665 1663 752 1706 eursu
774 1643 934 1724 pollentio,
958 1642 1085 1706 edimus.

385 1757 473 1816 Arma
497 1753 578 1833 oepit
599 1755 730 1826 Cnidon,
752 1764 783 1814 et
802 1753 971 1833 posteriore
992 1752 1118 1831 sagittae

278 1861 287 1879 “
386 1864 482 1926 crena
503 1881 590 1936 usus,
612 1871 694 1926 retro
718 1862 755 1925 ed
777 1863 870 1926 meles
891 1861 1003 1925 barben
1025 1861 1084 1924 sibi
1106 1860 1209 1924 siirrm

334 1983 368 2036 rt
385 1973 530 2046 Bimorit3
552 1972 606 2035 sed
628 1973 679 2035 ubi
702 1991 736 2034 os
758 1991 866 2052 magno
887 1972 1000 2036 detexit
1020 1971 1112 2044 hiatu,

326 2083 330 2088 '
385 2081 489 2146 Edidit
508 2083 584 2146 haee
605 2082 712 2146 sociis:
734 2082 885 2162 Numquid
906 2081 1061 2156 sensistis,
1084 2089 1117 2144 ut
1138 2079 1188 2142 ille

384 2193 467 2256 Pone
490 2211 618 2274 sequens
640 2201 758 2256 merent
778 2191 923 2274 quidquid
944 2191 1021 2272 pede
1043 2186 1160 2270 tangit?
1182 2197 1213 2252 et
1232 2190 1314 2254 istud

384 2303 469 2366 Haud
492 2303 570 2366 solet
590 2303 727 2366 uoeidere
749 2323 766 2365 e
788 2301 916 2384 pedibus
934 2302 997 2382 jem
1018 2301 1084 2364 luce
1107 2308 1270 2364 carentum.

426 2414 486 2476 Sed
508 2414 605 2477 bonne
627 2413 698 2475 huie
719 2421 820 2476 eontra
844 2413 916 2486 dux,
939 2411 990 2492 qui
1011 2429 1106 2492 prope
1128 2420 1250 2491 pentorn
1272 2411 1380 2484 etrhet.

333 2533 367 2588 so
385 2524 450 2598 Qun
473 2523 581 2604 duplex
600 2523 699 2605 iungit
719 2531 824 2586 nature
847 2521 1057 2601 hominemque
1080 2521 1242 2602 feramque,

147 2695 154 2704 ,
384 2633 468 2695 Tune
491 2633 547 2694 ait:
569 2634 629 2694 lete
652 2630 772 2712 quidem
795 2631 867 2694 vivit
887 2631 932 2694 sie
954 2631 1037 2694 sotus
1060 2631 1217 2712 inopsque,

383 2744 478 2822 Atque
499 2761 584 2804 meus
605 2741 691 2803 leber
712 2749 759 2802 eet
780 2741 850 2804 huie
872 2749 977 2804 tetram
1000 2741 1158 2804 ostendere
1179 2740 1296 2804 vellem.

382 2851 445 2914 Nee
463 2852 525 2932 jem
548 2859 655 2932 sponte
678 2850 771 2922 venit,
795 2852 939 2930 Superum
963 2852 1017 2914 eod
1038 2851 1104 2930 lege
1127 2859 1257 2912 coactns.

384 2960 466 3022 Telis
487 2971 567 3023 mota
588 2961 657 3024 loco
679 2969 743 3034 est,
766 2961 818 3022 ubi
840 2960 973 3023 eonoinit
993 2961 1123 3043 alleluja,

331 3077 365 3131 et
382 3070 447 3134 floo
468 3071 587 3150 dignate
609 3089 718 3133 norum
740 3070 828 3133 nohis
850 3071 1035 3134 committere
1057 3089 1175 3134 munus.

260 3104 264 3231 Ι
380 3181 447 3242 Non
469 3181 519 3244 hio
539 3167 713 3262 praedator,
736 3201 833 3261 neque
854 3199 909 3260 ego
931 3200 998 3244 eum
1019 3179 1144 3244 crimine
1165 3180 1242 3244 vitoe

382 3291 481 3354 Foede
502 3291 600 3354 onium
623 3292 767 3373 impurae.
810 3293 910 3367 Quare
932 3310 1011 3354 nune
1034 3299 1062 3354 te
1085 3310 1138 3354 oro
1161 3310 1216 3372 per
1236 3290 1318 3354 illem

381 3400 538 3476 Virtutem,
560 3421 616 3482 per
637 3421 725 3482 quem
748 3403 793 3464 tes
816 3411 862 3464 est
882 3401 955 3464 mihi
978 3402 1101 3466 tendere
1123 3419 1246 3480 gressus

382 3510 455 3572 Turn
477 3510 583 3574 durum
604 3531 659 3592 per
681 3511 754 3584 iter,
778 3512 815 3574 de
836 3520 934 3574 vestre
956 3512 1028 3574 oede
1051 3511 1174 3574 cohorte

330 3633 365 3684 tto
381 3621 489 3684 Notum
512 3621 658 3702 aliquem,
681 3622 766 3703 eujus
787 3621 912 3701 mugio
933 3631 1015 3684 nerto
1037 3640 1206 3704 sequemur,

382 3730 500 3811 Quique
521 3731 627 3794 redum
649 3741 809 3806 monstret,
832 3731 941 3812 detque
962 3731 1033 3794 huie
1055 3732 1187 3795 inuidere
1209 3741 1302 3810 tergo,

380 3839 472 3914 Huic,
495 3839 545 3920 qui
568 3859 629 3902 uon
651 3841 755 3904 umbre
778 3851 825 3904 eet
845 3851 964 3905 assuete
985 3861 1041 3922 per
1062 3849 1131 3904 etro
1153 3841 1236 3906 terri.

423 3950 499 4012 Tum
519 3949 597 4013 letus
618 3950 651 4014 in
671 3951 806 4016 dextnrm
828 3953 975 4016 convertit
994 3951 1107 4016 lumine
1129 3953 1254 4022 Cernen,

381 4059 418 4122 Et
438 4059 559 4122 Nessurr
581 4059 736 4140 appellens
757 4061 845 4126 dixit:
867 4061 998 4142 Vestigie
1019 4071 1100 4124 retro

329 4185 363 4240 en
380 4169 426 4232 Tu
447 4169 559 4250 relege,
584 4181 614 4232 et
634 4171 679 4232 oio
700 4171 756 4232 hoe
778 4171 850 4246 duo,
872 4182 918 4246 ut,
942 4171 969 4234 ei
992 4191 1050 4253 que
1072 4171 1164 4236 altere
1185 4170 1273 4232 eietrt

380 4281 490 4344 Contra
512 4279 635 4342 adverse
657 4279 751 4355 eoiee,
774 4281 854 4344 nulle
876 4281 975 4346 obemt
995 4301 1102 4344 eruum
1125 4279 1271 4345 morendi.
1491 4232 1495 4279 ξ

421 4391 486 4454 flou
506 4392 583 4458 dure
604 4389 660 4454 ouh
681 4391 742 4455 ddo
765 4391 926 4457 murnum
946 4393 1073 4474 legimus
1094 4399 1180 4456 reem
1491 4326 1495 4588 Ι
