3144 5164
315 388 377 452 320
773 391 907 443 ntuentst
924 391 986 442 atre.

381 609 446 672 Uno
467 610 546 673 haud
569 619 745 674 cousrstuut
787 611 916 673 Aeterna
937 611 977 672 ita
1000 619 1099 674 noento
1121 621 1220 676 ereata

380 719 488 782 Forma
510 721 578 784 exin
599 722 693 801 magis
715 728 805 801 atque
825 719 925 782 miuus
946 719 1103 782 manifeste
1125 722 1253 800 patescit

381 829 443 894 Sub
465 828 562 908 signo.
606 831 704 904 Quare
725 848 786 892 nou
807 847 874 892 raro
897 829 1029 908 contigit,
1051 838 1094 904 ut,
1118 849 1194 911 quae

330 954 364 1010 65
380 938 483 1002 Planta
504 940 608 1004 eadem
630 940 732 1020 speeie
753 948 807 1012 est,
831 939 938 1002 melius
958 939 1108 1020 pejusque
1131 941 1239 1004 colono

379 1049 503 1124 Reddat,
527 1058 557 1111 et
577 1049 696 1130 iugenio
718 1048 836 1110 diverso
856 1048 990 1128 praedita
1013 1049 1104 1112 corda

380 1159 447 1222 Sint
468 1158 563 1234 robis,
587 1159 712 1222 simulac
732 1157 809 1220 lucis
829 1157 952 1220 venietis
975 1158 1006 1220 in
1028 1177 1108 1222 oras.

381 1269 497 1344 Quodsi
519 1269 587 1350 quis
609 1287 708 1332 ceram
730 1267 878 1329 deducere
898 1276 1004 1348 posset
1024 1269 1062 1332 ad
1083 1284 1220 1348 unguem,

380 1377 568 1459 Polleretque
590 1395 644 1440 sun
666 1375 780 1468 coelum
803 1376 909 1440 virtute
931 1395 1080 1455 suprema,

330 1495 364 1550 70
381 1488 455 1550 'l'ota
478 1507 522 1562 ea,
545 1506 621 1568 queue
642 1485 728 1565 signo
750 1485 800 1548 hu
821 1495 903 1549 esset
923 1486 1031 1559 inusta,
1055 1487 1171 1549 niteret.

379 1597 435 1658 Ast
454 1595 535 1660 illem
556 1614 676 1676 semper
697 1612 829 1658 0000000]
852 1603 955 1658 uanrra
976 1596 1134 1668 ministrat,

379 1705 446 1768 Nou
468 1723 556 1768 secus
578 1714 666 1785 atque
688 1705 791 1785 opifex
810 1704 899 1783 longa
921 1704 1113 1768 assuetudine
1134 1713 1240 1768 nactus

378 1816 489 1888 Artem,
512 1815 560 1879 eui
578 1815 641 1896 jem
663 1815 765 1878 dextra
788 1814 895 1878 tremit.
939 1814 1053 1887 Quodsi
1075 1813 1166 1877 ardor
1185 1815 1297 1876 amoris

379 1923 525 2004 Disponat
545 1925 659 2004 primae
681 1924 763 1987 ciero
784 1925 816 1986 in
838 1923 998 2005 splendore
1019 1922 1177 1986 ridendam

329 2046 363 2100 td
379 2033 501 2096 Virtutis
523 2033 665 2115 speciem,
688 2034 860 2115 signetque3
882 2033 953 2094 huic
974 2033 1085 2113 optima
1108 2033 1208 2096 inesse

380 2142 492 2206 Cuncta
513 2145 597 2224 operi
620 2144 733 2208 deceat
777 2143 829 2205 Sic
849 2150 928 2206 terra
948 2151 996 2206 est
1016 2141 1105 2220 digna
1126 2149 1224 2204 uesta

380 2252 494 2315 Virtute
516 2255 682 2334 omnigena,
705 2272 763 2333 qua
784 2252 944 2316 humanum
967 2247 1113 2315 excedere
1133 2260 1241 2332 pectus

379 2362 502 2438 Posset;
524 2363 570 2425 sic
591 2364 709 2443 gravida
731 2362 854 2424 incessit
876 2362 1064 2424 sanctissime
1085 2361 1185 2441 Virgo.

380 2471 479 2546 Quare
500 2473 540 2534 mi
561 2472 709 2538 laudande
730 2481 798 2536 tuae
820 2479 866 2534 est
887 2471 1033 2534 sententia
1054 2471 1181 2538 montisc

328 2593 363 2650 00
378 2582 463 2646 Haud
485 2589 771 2663 unquamornetam
791 2581 931 2645 virtutum
952 2583 1023 2644 dote
1045 2582 1137 2644 fusse

378 2691 517 2754 Naturam
539 2691 699 2754 humanam
719 2699 809 2766 00000,
833 2698 863 2754 et
883 2709 944 2754 nou
966 2691 1059 2756 odore
1080 2689 1215 2771 posthae,

379 2800 496 2875 Quanta
517 2801 584 2864 illas
605 2800 703 2868 binas.
745 2801 832 2864 Nunc
853 2801 879 2864 si
901 2817 962 2864 non
983 2818 1147 2881 persequar
1167 2799 1253 2874 uitro,

378 2909 425 2974 Tu
446 2910 490 2974 sic
511 2909 655 2989 incipies:
678 2911 738 2972 Cur
758 2927 829 2990 ergo
852 2911 976 2974 credere
996 2910 1117 2990 dignum
1140 2918 1195 2984 ont,

378 3020 466 3084 Hunc
485 3018 544 3084 sibi
566 3037 627 3084 non
648 3018 791 3085 hahuisse
810 3018 937 3100 parem?
958 3022 1021 3093 Ast,
1043 3029 1076 3083 ut
1097 3019 1175 3084 ciere
1196 3028 1341 3101 patescat,

327 3143 361 3200 se
380 3131 463 3206 Quae
484 3146 534 3193 res
555 3129 683 3192 obscura
704 3137 761 3204 est,
776 3138 815 3196 ,tu
836 3138 934 3194 tecum
955 3137 1078 3209 pectore
1099 3129 1192 3202 voire,

379 3238 480 3315 Qualis
502 3236 591 3304 erat?
613 3259 689 3320 quae
711 3257 816 3326 caussa
837 3240 901 3312 tuit
925 3258 1001 3320 quae
1023 3239 1153 3304 suaserit
1173 3238 1215 3301 ilii

376 3349 517 3424 Poscere,
540 3348 722 3415 cnidiorum
745 3358 806 3412 est:
829 3350 886 3414 rtdr'
899 3347 1043 3431 poscito?
1063 3349 1129 3412 Nou
1152 3365 1208 3428 ego
1229 3347 1290 3410 dixi

378 3459 450 3522 'dani
472 3467 558 3534 teon,
582 3467 614 3521 ut
634 3477 767 3541 nequeas
788 3459 819 3522 id
842 3459 1018 3540 conjectare,
1041 3458 1136 3524 fuisse

375 3567 496 3648 Regem,
518 3569 567 3632 cui
588 3569 644 3632 suit
664 3569 697 3631 iu
718 3568 842 3632 smnmis
864 3569 1010 3650 sapientia
1031 3567 1116 3642 rotis,

325 3689 360 3744 00
376 3677 415 3740 Ut
434 3694 538 3756 regere
559 3678 676 3760 imperii
698 3678 790 3742 sciret
810 3677 884 3740 satis
906 3686 992 3758 aptus
1013 3677 1154 3742 hebenus.

375 3786 442 3850 Nou
463 3797 502 3862 ut.
525 3793 598 3868 quot
619 3805 743 3852 numero
765 3797 898 3850 moturos
919 3797 999 3852 astra
1021 3787 1195 3868 guabermt,

375 3895 481 3972 Sciret,
504 3915 637 3977 quasque
659 3897 780 3960 scholae
802 3898 901 3971 tucos.
925 3907 956 3960 et
976 3899 1075 3962 inania
1097 3905 1229 3970 nectunt,

375 4006 457 4070 Scite
479 4006 645 4070 extricaret
688 4007 783 4084 Nunc,
806 4008 832 4070 si
855 4027 920 4071 mea
941 4009 1021 4071 dicta
1042 4008 1162 4081 consti,

375 4116 458 4191 Quae
479 4115 551 4180 iacit
571 4117 609 4180 ad
630 4133 731 4196 regern
752 4118 919 4197 prudentie,
941 4117 1065 4198 provida
1086 4135 1172 4180 meus
1194 4125 1241 4178 est

323 4235 357 4290 00
373 4225 494 4306 Absque
514 4225 590 4307 pari.
632 4226 699 4290 Huc
720 4226 821 4290 teudo.
864 4227 951 4290 Nunc
973 4225 1000 4290 ei
1022 4236 1070 4290 set
1090 4226 1202 4290 lumine
1225 4223 1307 4288 duo

375 4335 557 4400 Sorraoeu
578 4335 660 4398 rides
683 4355 737 4400 cur
758 4335 828 4411 dixi,
850 4337 906 4400 rite
928 4336 1046 4400 videbis
