3136 5164
313 393 376 456 236
739 395 919 446 runcaronu
937 395 1014 446 xru.

377 613 507 676 Alternis
528 613 622 675 aciem
643 611 811 684 nunciant,
834 629 914 674 nune
935 613 1067 675 dividere
1086 613 1160 676 illue

313 729 362 780 120
379 723 534 786 Curabam.
555 755 599 766 -
618 723 674 784 Ast
694 723 794 801 hymni
812 723 875 802 jem
896 731 957 784 tota
978 723 1195 802 lege-peraeta,

378 833 440 894 llor
463 833 548 894 effata
574 832 678 894 Virum
698 850 761 892 aon
783 849 926 910 cognosco
949 832 1067 911 impulit
1087 851 1191 908 aurea3

378 941 491 1004 Deinde
512 942 612 1021 hymni
635 959 776 1004 numeros
797 942 905 1004 iterum
927 940 1082 1005 absolvere
1103 944 1239 1016 remisse,

379 1051 471 1132 Cujus
492 1050 547 1112 sub
569 1053 658 1112 linem
682 1050 817 1115 clamavit
838 1057 898 1112 tota
920 1059 1051 1112 caterva:

377 1159 498 1222 Phoebe
521 1160 587 1222 iniit
609 1160 818 1234 cursualium,
841 1161 1023 1241 Helieeuque
1045 1162 1178 1235 removit,

312 1288 360 1341 125
378 1270 461 1343 Quae
482 1271 561 1332 virus
582 1287 673 1350 pessa
695 1279 740 1331 est
761 1271 894 1332 Veneris.
937 1271 1011 1334 Dein
1034 1287 1160 1350 corpore
1182 1281 1283 1334 castos

378 1380 546 1442 clamavere
567 1380 647 1442 viros
668 1387 847 1459 matresque,
871 1389 903 1442 ut
920 1380 989 1461 jure
1011 1381 1113 1442 marita

376 1489 517 1552 lloseunt.
561 1490 654 1568 idque
676 1497 722 1550 eat
743 1509 811 1551 esse
833 1489 892 1550 illis
914 1498 987 1570 puto
1009 1498 1126 1570 tempus
1148 1491 1179 1552 in
1201 1509 1300 1564 omne,

378 1601 444 1673 Quo
467 1601 583 1662 llamma
604 1607 743 1661 uruntur:
767 1600 974 1672 ceronnam,
997 1599 1072 1660 haee
1092 1599 1201 1680 pabula
1222 1601 1321 1680 poenit

375 1709 497 1783 Vulnus,
521 1718 553 1770 ut
572 1709 642 1770 huio
664 1709 781 1772 tandem
804 1708 978 1770 claudantur
997 1708 1108 1772 hiantia
1129 1707 1221 1770 labra.

848 1968 959 2051 llll.

374 2148 456 2210 Alter
476 2154 547 2229 post
567 2167 658 2210 unum
680 2149 750 2210 dum
771 2149 816 2209 sie
836 2167 892 2228 per
911 2147 1053 2226 marginis
1074 2167 1157 2210 orem

375 2258 502 2332 ibamus,
524 2276 637 2332 caveas,
660 2258 733 2320 mihi
755 2257 850 2320 dulcis
872 2275 962 2337 saepe
983 2257 1127 2333 magister

374 2368 511 2443 Dicebat3
535 2368 670 2430 studiosa
688 2368 771 2448 juvet
791 2375 820 2429 te
843 2383 913 2429 cura
934 2367 1092 2428 monentis.

416 2479 469 2540 Sol
490 2479 562 2540 mihi
584 2478 719 2540 dextrum
739 2477 894 2540 humerum
918 2476 1042 2539 tenebat
1062 2475 1174 2540 lumine
1196 2485 1227 2540 et
1248 2495 1368 2542 omnem

340 2603 357 2657 a
375 2588 522 2650 omasum
544 2587 658 2650 clarens
680 2587 813 2650 mutabat
833 2586 953 2650 coerula
975 2586 1051 2648 coeli
1228 2653 1232 2662 ¹
1477 2616 1479 2655 Ι

375 2697 541 2771 Candidum
564 2706 595 2758 et
614 2713 699 2774 mage
722 2697 881 2760 candentes
903 2713 959 2773 ego
981 2696 1117 2775 eorporis
1139 2695 1243 2758 umbra
1477 2680 1479 2691 ¹

372 2807 535 2885 Fingebam
556 2809 706 2881 flammam
728 2815 816 2885 atque
838 2807 888 2869 lrie
908 2825 1028 2886 quoque
1048 2805 1140 2868 millia
1162 2807 1223 2867 vidi

373 2917 558 2990 Umbrarum,
581 2915 722 2977 indicium
743 2923 856 2976 tanturn
879 2933 955 2995 quoe
976 2923 1074 2978 mento
1096 2917 1246 2978 notabunt.

371 3028 467 3108 Atque
489 3027 563 3088 liaeo
584 3043 689 3086 nausea
710 3024 780 3092 luit.
803 3041 857 3086 our
878 3025 979 3105 eoepit
999 3026 1126 3106 quisque
1148 3041 1262 3104 rogare,
1476 3090 1479 3141 l

323 3155 355 3207 ιο
373 3137 447 3211 Quia
467 3135 535 3210 eim,
558 3143 647 3215 atque
668 3134 805 3198 alternis:
826 3135 893 3197 Non
914 3135 972 3197 iste
994 3147 1049 3208 est,
1072 3135 1182 3208 dicere,
1205 3153 1316 3216 eorpus
1475 3190 1478 3221 ,

371 3247 497 3309 Fiettrm.
540 3246 614 3308 Dein
636 3245 770 3326 propius,
791 3253 882 3325 prout
903 3253 949 3306 est
970 3245 1037 3308 data
1059 3245 1155 3324 copia,
1179 3246 1266 3318 versi,
1475 3254 1479 3345 Ι

370 3357 471 3436 Usque
492 3355 587 3432 magis
610 3363 721 3418 certum
742 3362 812 3416 sunt
831 3373 895 3416 rem
917 3371 1100 3432 cognoscere
1122 3355 1227 3428 adorti,
1475 3352 1479 3591 ἶ
1554 3407 1555 3465 1

370 3467 546 3530 Ileeemiese
567 3465 665 3526 lotum
686 3464 781 3538 veriti,
805 3483 893 3544 quem
914 3463 1158 3544 possidet'igniu.

414 3575 439 3637 Ο
461 3583 502 3648 tu,
524 3574 576 3655 qui
598 3581 755 3648 extremus,
778 3591 839 3638 nou
861 3574 940 3654 quod
963 3575 1047 3654 pigra
1067 3574 1200 3636 membra
1222 3575 1382 3650 retardant
1475 3638 1478 3653 ,

321 3705 353 3758 15
370 3685 498 3757 Iunonie,
520 3684 574 3746 sed
596 3683 677 3762 quod
700 3691 728 3746 te
750 3684 813 3744 lore
834 3685 998 3746 reverentia
1019 3685 1120 3759 vineit,

370 3795 412 3858 lle
434 3793 507 3856 milri
528 3811 706 3872 responsum
727 3793 914 3874 flammisque
936 3794 1045 3873 sitique
1066 3803 1199 3874 perusto,

369 3903 431 3966 Neo
452 3903 525 3965 milri
547 3903 702 3977 duntaxat;
723 3921 852 3982 namque
873 3903 903 3964 id
925 3903 988 3966 sitit
1008 3905 1066 3966 istu
1086 3912 1211 3977 caterva,

368 4013 440 4076 Plus
461 4031 550 4093 quam
573 4011 648 4085 lodi,
670 4013 891 4093 Aethiopesque
913 4013 1038 4092 algentis
1059 4033 1182 4076 munera
1203 4015 1268 4074 rivi.

367 4123 421 4185 Ilio
442 4121 539 4196 uobis,
563 4139 639 4202 quae
661 4139 766 4184 caussa
787 4123 900 4196 eubeet,
923 4143 977 4186 eur
997 4123 1119 4203 parietis
1140 4125 1234 4186 instar
1475 4122 1478 4187 l

317 4245 351 4297 20
368 4233 469 4296 Solem
492 4231 637 4304 delendis,
659 4231 749 4294 veluti
772 4233 797 4294 ei
820 4233 850 4294 in
872 4233 945 4296 retia
966 4234 1073 4296 mortis
1473 4208 1476 4231 Ι

367 4343 504 4406 Nondum
527 4342 615 4404 etiarn
638 4339 805 4404 intrasses?
828 4375 868 4388 -
891 4343 1045 4416 Quaedam
1067 4343 1113 4404 sie
1134 4343 1238 4406 umbra
1255 4341 1355 4406 loouta
1373 4351 1428 4414 eet3
1470 4362 1473 4409 ,·
1552 4301 1553 4383 l

1466 4448 1471 4527 l
