3136 5164
360 371 364 378 '
603 383 737 436 etetcrsr
755 385 791 436 rr.
844 377 851 384 ·

102 572 106 691 i
193 603 231 666 Ut
250 603 381 684 primum
403 612 451 666 est
471 601 538 665 dete
561 601 695 666 libertas.
737 605 776 667 tt
795 611 918 685 pectere
940 613 1040 668 mente

193 713 268 776 Tam
290 713 388 775 solida
408 721 482 774 sunt
501 731 569 775 rara
591 712 692 776 nimis.
734 713 800 775 Jcm
823 711 911 776 rerba
934 733 990 795 per
1010 714 1078 787 istc,

192 825 224 887 Si
246 824 336 898 bene,
357 822 402 885 uti
424 821 533 894 decuit
556 832 589 885 tu
610 822 668 884 iste
690 821 865 904 accipienda
887 823 1009 904 putasti,

149 943 177 998 st
192 934 278 1008 Quse
300 951 392 1013 seepe
413 931 576 1012 ancipitem
598 931 738 995 torsisset
758 950 829 995 cure
851 951 1021 1007 recursans,

192 1044 286 1106 Cassa
309 1041 399 1104 cadit
441 1040 502 1104 Sed
525 1041 716 1104 nunculium
738 1049 788 1118 tux
809 1041 922 1104 lumina
944 1044 1052 1108 flexum

32 1181 34 1260 ρ
192 1152 366 1226 Offendunt,
387 1161 488 1215 mente
509 1152 590 1214 unde
610 1160 660 1214 tue
682 1151 761 1214 haud
784 1150 910 1216 eradere
931 1166 1058 1232 possee;

30 1260 33 1372 ρ
190 1263 355 1326 Lassarere
375 1261 471 1342 prius.
515 1259 560 1322 Tu
581 1279 630 1324 me
651 1261 793 1324 docuisse
813 1261 931 1326 terrebis

190 1372 224 1434 ld
246 1381 293 1434 te:
316 1389 469 1451 nunquam
490 1369 620 1433 animem
642 1371 762 1434 mentiri
783 1389 875 1452 posse
896 1371 1031 1444 beetrm3

91 1502 94 1579 ρ
146 1494 176 1546 ιι
192 1480 282 1557 Quod
303 1479 401 1588 primo
423 1498 524 1544 coram
545 1499 617 1544 vero
639 1489 700 1544 stet
720 1489 837 1564 empus
860 1481 891 1544 in
910 1500 1018 1544 omne:

89 1588 93 1729 ρ
190 1592 229 1654 dt
251 1591 331 1664 dein,
353 1591 511 1664 Pictum,
535 1590 645 1654 audisti
668 1591 784 1655 diversa
807 1591 917 1665 locuta,

88 1732 92 1819 ρ
192 1700 281 1776 Quod
303 1700 479 1764 meminisse
500 1709 597 1782 potes,
620 1699 721 1764 enimc
746 1701 955 1764 Ceresrtrrurr
977 1719 1096 1764 amasse
1134 1724 1142 1754 ι

87 1822 90 1919 ρ
193 1811 292 1892 Usque
314 1828 433 1873 sacrum
453 1809 561 1872 velum.
604 1811 718 1884 Frater,
741 1829 833 1891 saepe
853 1810 964 1874 eccidit
985 1811 1075 1884 istud,

192 1921 229 1985 Ut
252 1919 419 2002 quisquam,
442 1919 558 1982 luctans
579 1919 731 2000 praesenti
753 1919 834 1984 exire
855 1919 979 2000 periclo,

143 2039 174 2095 ιι
190 2029 312 2092 feeerit
332 2029 452 2104 invitus,
476 2031 555 2110 quod
578 2049 639 2092 non
661 2029 771 2093 iecisse
792 2029 927 2092 decebat.

190 2140 258 2204 Non
280 2158 369 2202 secus
390 2139 561 2215 Alcmaeon,
585 2139 645 2219 qui,
667 2149 753 2220 patre
773 2147 909 2219 rogante,
932 2147 1086 2220 parentem

190 2250 260 2332 lpse
281 2267 367 2312 suem
389 2249 540 2324 exstinxit,
562 2267 630 2312 cum
651 2247 757 2312 meluit
777 2249 889 2329 impius
910 2249 997 2322 ultor,
1091 2255 1096 2260 ‘

192 2359 290 2434 Οιιιι
311 2359 411 2422 minus
433 2359 498 2441 ipse
522 2367 609 2422 tenax
629 2358 744 2440 petrice
764 2357 887 2441 pietatis
908 2357 1023 2420 heberi.

88 2487 102 2540 ·.
189 2469 272 2532 iicec
294 2469 433 2550 equidem
455 2476 555 2532 tecum
575 2468 682 2530 vellem
705 2477 735 2532 tu
757 2477 857 2534 mente
879 2468 1011 2530 volutes:

128 2587 175 2641 ιιι
190 2579 303 2641 Suesse
324 2578 469 2642 voluntati
492 2597 611 2660 quoque
632 2578 693 2642 rim
713 2589 894 2642 concurrere
915 2579 1033 2642 mistam

190 2689 252 2764 Sic,
273 2697 308 2752 ut
327 2689 449 2770 purgari
470 2696 621 2770 nequeant
640 2688 750 2770 injuria
773 2689 861 2752 tecte.

189 2798 299 2862 Libere
320 2799 367 2860 vis
388 2797 480 2862 animi
500 2817 556 2880 per
577 2816 611 2862 se
631 2799 725 2862 vitare
746 2811 849 2880 ριιιιι
873 2809 920 2862 ιιι

191 2909 288 2971 Omne
309 2908 437 2984 melum
459 2917 507 2972 ast
527 2908 628 2972 isthuc
647 2917 719 2972 tunc
740 2908 886 2972 inclinare
906 2905 1033 2982 ridetur,

190 3017 285 3099 Major
304 3017 357 3080 ubi
378 3025 477 3080 metus
497 3017 576 3081 hanc
596 3027 723 3094 moreat,
744 3017 773 3082 ei
794 3027 875 3082 certe
895 3019 1029 3082 resistat.

127 3137 173 3192 ιιι
191 3127 292 3201 Quare
313 3144 390 3207 quae
411 3127 596 3208 exprimitur,
618 3128 767 3192 Prccsxcr
788 3129 878 3204 tante,
900 3127 1047 3201 veluntas,

190 3235 300 3299 Libera
321 3245 430 3317 sponte
451 3257 506 3300 sue
527 3246 590 3314 ιρις
612 3237 709 3314 aliter,
731 3257 820 3321 quem
841 3240 899 3302 hoc
921 3235 1042 3300 nomine
1064 3235 1142 3310 dieo,

188 3346 311 3428 Accipe.
355 3347 407 3410 Sic
428 3347 529 3410 disces
549 3347 664 3430 pariter
684 3367 741 3412 noe
762 3367 831 3412 vere
852 3347 979 3410 locutas.

231 3457 317 3520 Haud
340 3456 429 3520 aliter
448 3465 552 3520 sencte
574 3455 707 3522 decurrit
727 3457 839 3522 rivetus
860 3457 941 3520 unde

189 3565 286 3630 Fonte
307 3565 361 3628 iilo
383 3566 551 3647 egrediens,
573 3587 632 3649 quo
653 3586 756 3632 verum
777 3568 902 3649 profluit
922 3585 1020 3630 omne.

127 3679 175 3733 ιιι
189 3676 268 3740 Pece
289 3677 331 3740 ic
354 3676 532 3758 composite,
552 3677 628 3740 mihi
649 3687 713 3742 tum
733 3689 859 3759 utraque
881 3695 950 3741 cure
974 3676 1095 3757 quierit

231 3785 335 3850 Dulcis
356 3787 488 3850 amentis
506 3805 590 3850 amor
611 3787 710 3870 primi,
733 3788 800 3852 dira
822 3787 934 3862 inclite,
956 3786 1018 3848 dixi

188 3895 263 3959 Post
283 3897 383 3977 perric,
406 3915 506 3960 sermo
528 3898 614 3980 cujus
635 3896 711 3980 mihi
731 3905 855 3979 pectora
876 3897 1010 3970 inundet,

189 4007 415 4087 lndammetque
437 4007 524 4083 adeo,
546 4017 578 4070 ut
599 4007 695 4086 magis
717 4027 753 4072 rc
773 4006 868 4087 magis
890 4015 976 4070 aucte
997 4005 1098 4085 vigere

189 4115 401 4180 Succrescent!
423 4117 490 4181 Nec
512 4125 593 4182 tenta
614 4117 689 4180 mihi
710 4126 758 4182 est
778 4118 846 4181 deta
868 4117 955 4199 copia
977 4115 1078 4179 cerdis

127 4235 173 4290 ιιι
188 4226 323 4290 Prodere
344 4244 433 4290 sense
454 4228 525 4302 mei,
548 4227 653 4307 dignes
674 4235 708 4292 ut
728 4226 844 4292 scivere
866 4237 965 4307 gretes

177 4335 248 4400 'Pro
271 4336 387 4400 meritis
408 4337 521 4412 calesu
542 4336 596 4400 sed
619 4336 670 4417 qui
692 4337 773 4400 ridet
793 4335 851 4398 ima
873 4343 1042 4418 potestque,
