3124 5170
301 415 342 480 72
739 413 933 466 rursnuonuu
951 412 1009 464 rix.

313 711 317 716 „
367 633 462 714 thue
485 633 595 695 micare
616 633 714 696 solent
734 651 784 694 res
806 645 927 706 unaue,
951 629 1159 711 atquerageri

366 743 517 806 Summam
538 742 704 808 lambentes
725 744 843 804 damma
867 741 1069 804 tautummodo
1092 740 1215 821 pellem:

316 867 350 918 3⁰
367 852 417 914 Sio
439 852 502 914 illic
523 859 587 916 erat
608 871 624 914 a
648 851 707 916 talo
730 871 824 932 usque
848 852 884 913 ad
908 851 1025 932 polliois
1047 869 1186 930 unguem.

410 963 494 1023 Tunc
515 979 588 1040 ego:
611 962 683 1034 bie,
703 962 825 1036 doctor,
848 961 985 1042 quisnam
1007 961 1050 1034 is,
1073 959 1124 1042 qui
1146 960 1191 1022 sio
1213 959 1301 1034 furit,
1322 967 1411 1042 atque

367 1075 442 1136 Sese
464 1080 641 1152 contorquet
661 1072 729 1152 plus
751 1089 839 1151 quam
861 1070 920 1132 sibi
943 1071 1076 1150 proxima
1099 1069 1184 1134 turha

367 1183 514 1254 Consors,
538 1189 568 1242 et
589 1199 676 1260 quem
698 1181 816 1242 damma
837 1179 932 1258 magis
954 1180 1042 1242 rubra
1064 1178 1144 1258 sugit
1165 1174 1328 1242 adustum?

366 1294 404 1353 At
425 1298 544 1353 eontra:
568 1290 601 1352 Si
623 1291 701 1351 torte
723 1299 825 1370 optas,
848 1289 891 1350 ait
911 1289 978 1362 ille,
1001 1289 1057 1350 sub
1079 1288 1168 1352 istam

317 1413 350 1467 ³5
366 1401 488 1480 Ripam,
511 1419 587 1481 quae
609 1399 716 1462 melius
734 1399 834 1480 jaeet,
857 1399 936 1460 baud
959 1406 987 1460 te
1009 1399 1088 1461 ferre
1109 1416 1257 1461 recusem.

367 1510 409 1572 De
431 1529 465 1571 se
486 1508 583 1590 deque
604 1509 668 1572 suis
688 1507 853 1572 malefactis
876 1509 942 1590 ipse
962 1509 1109 1588 loquetur.

366 1620 426 1682 Res
447 1619 520 1680 mibi
543 1619 606 1680 sola
628 1617 741 1698 placet,
762 1637 840 1700 quae
862 1627 892 1680 te
909 1618 1006 1700 juvat,
1030 1616 1100 1679 huie
1122 1635 1177 1696 ego
1199 1617 1278 1690 dixis

367 1728 412 1790 Tu
435 1728 574 1790 dominus
596 1727 684 1801 mibi,
707 1737 736 1790 tu
760 1729 820 1790 sois
842 1748 890 1791 me
912 1728 1067 1790 diseedere
1090 1745 1240 1806 nonunquam

368 1836 501 1900 Consilio
524 1837 696 1918 optatisque
717 1838 792 1912 tuis,
815 1837 936 1916 suisque
957 1837 1039 1917 ipse,
1063 1835 1187 1900 tacenda

316 1964 352 2017 ro
369 1949 452 2021 Quae
474 1965 544 2007 reor
565 1965 633 2011 esse
655 1947 738 2008 mibi.
761 1981 802 1991 —
826 1946 902 2010 Tum
924 1946 1020 2028 quarti
1044 1946 1173 2010 eulmina
1194 1945 1264 2008 retii

368 2056 545 2119 Soandimus
569 2065 599 2118 et
619 2057 695 2118 laevi
718 2056 942 2130 descendimus,
965 2056 1067 2118 infima
1085 2057 1200 2131 iussae,

367 2165 458 2228 Plena
481 2165 677 2228 foraminibus
699 2166 763 2228 looa
787 2185 843 2228 nee
864 2184 925 2230 non
948 2175 1028 2230 areta
1050 2166 1193 2244 legentes.

368 2277 608 2356 Praeceptorque
630 2276 727 2338 bonus
748 2276 897 2339 sublatum
918 2275 1053 2356 pondere
1075 2283 1139 2338 toto

367 2386 507 2448 Nondum
527 2405 576 2448 me
598 2385 713 2466 posuit,
736 2386 832 2448 donee
854 2385 1048 2466 pervenitad
1070 2403 1170 2448 aream

318 2507 351 2562 45
368 2496 495 2576 [duptam
518 2496 562 2556 sio
585 2495 707 2568 misere,
726 2494 868 2575 jucundo
891 2513 992 2569 arura,
1015 2495 1156 2557 dolentis.

412 2604 557 2683 Quisquis
579 2624 628 2678 es,
650 2605 723 2678 beu,
746 2605 844 2685 eapite
864 2604 984 2668 inverso
1007 2605 1059 2686 qui
1076 2605 1213 2668 membra
1234 2623 1365 2685 superne

369 2713 515 2776 iuferiora
539 2721 638 2786 tenes,
662 2712 759 2776 anima
781 2714 933 2794 improba,
957 2733 1040 2776 more
1063 2715 1222 2796 modoque,
1475 2756 1478 2795 ,

371 2823 437 2899 Quo
461 2822 491 2883 in
515 2830 591 2884 terra
614 2822 701 2902 palus
723 2823 877 2902 defigitur,
900 2825 974 2885 haee
997 2842 1052 2903 ego
1075 2824 1131 2886 fari
1475 2816 1478 2827 ’

371 2932 479 3012 Coepi,
504 2932 550 2994 iao
572 2931 698 3012 prodas,
721 2941 767 2994 est
789 2932 814 2992 si
837 2931 892 2994 tibi
914 2932 1016 3012 eopia,
1038 2951 1150 2996 vooem.
1477 2906 1479 2977 Ῐ

320 3059 353 3112 50
369 3042 531 3104 Adstabam
553 3050 585 3103 ut
607 3041 712 3116 irater,
735 3061 788 3104 sua
812 3060 879 3104 oum
900 3042 1055 3105 malefacto
1078 3045 1221 3106 iatentem
1477 2994 1480 3137 i

368 3152 530 3214 Latronem
552 3150 699 3214 auscultat
719 3153 835 3226 dotium,
860 3151 926 3234 qui,
949 3151 1002 3214 ubi
1023 3153 1138 3231 figitur,
1162 3171 1264 3216 numm

369 3261 554 3342 indulgentis
576 3262 673 3324 adhue
696 3262 809 3342 poseit3
833 3280 909 3342 quae
932 3281 1038 3324 oausss
1061 3262 1222 3326 morandaa

370 3370 474 3433 Mortis
496 3370 559 3432 sola
583 3371 695 3434 subest.
739 3371 793 3433 iile
815 3380 913 3434 autem
936 3372 1026 3434 eorde
1048 3373 1197 3453 profundo

372 3481 537 3544 Clamorem
560 3483 688 3554 doeens,
712 3481 826 3560 iuquit:
850 3481 934 3544 Tune
956 3481 987 3543 in
1008 3482 1085 3562 pede
1108 3491 1207 3544 rectus

322 3601 354 3654 55
370 3590 427 3652 ilio
445 3591 508 3671 jam
530 3610 580 3664 es,
601 3585 767 3652 Bonmsm?
789 3590 872 3652 Tune
893 3591 944 3653 bio
966 3611 998 3654 es
1018 3591 1080 3672 jam
1102 3591 1133 3653 iu
1155 3591 1232 3671 pede
1254 3588 1380 3655 nactust

371 3699 416 3762 bie
439 3700 540 3779 plures
562 3719 657 3763 annos
679 3699 770 3780 igitur
791 3701 914 3762 mentita
937 3699 1043 3762 ieieliit

371 3809 494 3888 Pagina.
539 3810 613 3871 Tam
635 3809 695 3872 oito
718 3809 831 3872 divitiis
853 3811 978 3874 satiatus
1001 3811 1101 3884 abisti,

372 4027 527 4108 Egregium
551 4030 645 4092 iorma
669 4049 825 4110 sponsam,
848 4051 937 4111 quam
959 4031 1067 4094 deinde
1089 4030 1217 4112 parabas

320 4151 354 4204 oo
371 4135 524 4199 Perdere?
546 4173 586 4182 -
609 4139 674 4200 Non
697 4158 784 4202 secus
807 4158 842 4202 ae
864 4141 914 4221 qui
937 4152 1020 4204 stans
1042 4141 1248 4206 accommodat
1268 4159 1367 4210 aures,

371 4247 436 4309 Non
459 4259 671 4328 percepturus,
694 4247 752 4310 sibi
775 4268 851 4330 quae
873 4269 1018 4332 responsa
1040 4263 1162 4330 rogatus

371 4357 495 4432 Reddit,
518 4368 547 4420 ut
574 4358 678 4420 illusus
700 4359 812 4432 nescit,
835 4378 911 4439 quae
933 4361 1022 4426 verba
1044 4361 1192 4424 remittet:

373 3919 455 3992 Quas
477 3928 601 4000 propter
623 3939 681 3982 non
705 3939 737 3981 es
760 3921 871 3983 neritus
895 3921 948 3984 tibi
968 3922 1093 4002 inungere
1115 3919 1220 3982 iraude
