3116 5162
75 1865 112 1948 et,
133 1882 193 1955 qna
219 1882 256 1931 es
283 1859 410 1955 ingenii
436 1859 615 1955 sagacitate
640 1884 816 1958 rerumque
836 1859 1054 1933 humanarum
1070 1873 1103 1935 at
1121 1861 1304 1934 divinornm

75 1974 291 2072 intelligentia,
314 1977 515 2050 doctissimis
543 1978 736 2052 excursibus
763 1977 937 2071 enodasse‚
964 1979 1038 2074 quis
1065 1989 1127 2071 est,
1154 1980 1209 2077 qni
1236 2003 1304 2052 non

77 2095 230 2186 cognitum
256 2095 376 2168 babeat
401 2121 440 2168 ac
465 2105 558 2191 grato
587 2119 665 2191 erga
692 2096 739 2169 'fe
766 2098 876 2171 animo
904 2097 1084 2192 agnoscatf

161 2211 254 2286 Hanc
280 2213 401 2308 igitur,
429 2215 470 2286 de
498 2239 562 2310 qna
588 2225 758 2312 tantopere
784 2215 955 2306 mernisti,
988 2213 1104 2287 Dentis
1130 2213 1303 2309 Alligbcrii

78 2327 211 2404 bisinam
247 2331 472 2424 comoediam,
499 2343 533 2405 ct
559 2357 629 2405 eam
663 2357 764 2425 nova,
800 2357 863 2430 qna
898 2331 1080 2404 faciliorem
1114 2333 1153 2404 ad
1189 2343 1303 2405 coetus

80 2447 203 2522 virorum
235 2443 446 2549 φιλολόγων
476 2450 686 2522 nanciscatur
711 2450 854 2542 aditum,
884 2463 973 2524 veste
997 2449 1165 2542 indutam,
1200 2451 1302 2542 omni,

79 2589 131 2661 qna
149 2591 205 2664 par
231 2577 301 2660 cst,
333 2563 517 2641 reverentia
539 2567 612 2640 'fibi
637 2569 739 2640 offero
772 2577 805 2640 et
826 2569 947 2641 tutelae
972 2569 1061 2640 Tuae
1090 2568 1303 2642 vehementer

78 2683 160 2758 etiam
184 2697 281 2784 atque
308 2687 407 2758 etiam
434 2687 640 2759 commendo.
699 2685 809 2760 Vestis
835 2688 889 2760 illa
916 2711 998 2758 nova
1026 2691 1159 2779 (nonam
1186 2711 1302 2759 vocare

77 2800 159 2875 beent
183 2829 256 2878 cum
283 2815 452 2901 tempore,
486 2814 556 2878 tnm
582 2805 786 2901 perfectione
814 2815 848 2878 et
873 2805 1097 2900 absolutione)
1124 2814 1176 2877 est
1200 2805 1301 2878 inter·

77 2923 217 3015 prelatio,
249 2923 400 2996 versibus
434 2922 633 2996 hexametris
658 2923 786 2996 Latinis
819 2921 860 2996 ab
893 2923 1019 2996 Abbote
1048 2923 1140 2996 dalla
1164 2921 1300 3011 Pione

77 3038 123 3134 qni
146 3039 317 3115 Professor
334 3040 503 3114 vicentiae
531 3041 624 3134 obiit,
652 3042 905 3138 diligentissima
932 3041 1094 3133 confecta,
1120 3040 1166 3112 ita
1192 3050 1229 3112 ut
1248 3042 1301 3113 vir

76 3179 108 3227 ac
130 3181 168 3230 ne
191 3160 242 3232 nix
269 3160 403 3258 quidem
430 3159 546 3233 durius
573 3161 738 3257 quoddam
765 3161 805 3232 de
827 3183 911 3232 nono
929 3159 994 3231 boe
1008 3170 1126 3231 conatu
1137 3159 1300 3254 judicium

77 3273 110 3346 ab
133 3277 193 3349 ullo
219 3302 324 3375 aequo
352 3279 522 3376 periteque
548 3278 666 3351 barum
691 3301 803 3351 rerum
837 3278 960 3350 arbitro
987 3278 1169 3374 exspectari
1194 3277 1299 3350 liceat.

162 3394 230 3468 Jam
255 3396 360 3469 noluit
385 3397 547 3494 interpres
574 3396 656 3494 ipse,
685 3406 721 3469 ut
746 3421 840 3493 oan,
868 3396 982 3494 inquo
1000 3395 1300 3494 qnasitabornacn·

76 3509 135 3584 lom
157 3514 238 3588 ritae
265 3539 344 3587 snae
371 3515 604 3608 collocaverat,
633 3516 716 3612 typis
744 3514 988 3588 describeretur
1013 3523 1046 3586 et
1067 3513 1189 3611 publici
1212 3513 1300 3610 juris

76 3627 159 3703 lieret
179 3635 211 3705 in
228 3633 384 3726 saxonia,
411 3633 468 3707 ubi
496 3657 570 3706 rara
596 3635 782 3731 principum
808 3633 987 3705 liberalitas
1013 3633 1147 3706 tutelam
1172 3655 1299 3705 merea·

75 3756 158 3821 torae
187 3751 358 3824 literarum
391 3751 499 3824 adbuc
533 3752 685 3846 gesserit.
754 3751 1008 3824 consentientes
1041 3751 1157 3824 babuit
1190 3752 1224 3823 in
1259 3775 1298 3825 eo

76 3863 237 3943 familiares
264 3880 299 3943 et
325 3871 467 3963 amicos,
505 3894 646 3967 qnorum
679 3873 714 3940 in
745 3869 853 3942 virum
887 3869 951 3942 vita
977 3869 1168 3943 defunctum
1194 3871 1297 3967 pietas

74 3981 217 4082 lipsiam,
245 3999 400 4087 tanquam
427 3989 611 4086 emporium
634 3987 887 4084 bibliopolarum
913 3988 1011 4084 longe
1035 3989 1296 4080 celeberrimum,

76 4101 125 4175 ubi
147 4117 393 4181 monumentum
420 4105 521 4180 studii
549 4105 779 4204 gloriosissimi
806 4107 1067 4179 admemoriam
1093 4106 1296 4180 aeternitatis

75 4235 296 4319 exstrueretur,
323 4226 424 4321 elegit
449 4235 546 4322 atque
574 4224 767 4320 designavit.

162 4341 238 4417 lnde
264 4344 387 4418 factum
414 4353 476 4437 est,
502 4342 663 4416 Pmncens
690 4341 929 4436 serenissime,
954 4351 992 4416 ut
1017 4342 1099 4415 mibi
1125 4365 1202 4414 cura
1227 4341 1296 4414 edi·

75 4453 184 4533 tionem
208 4461 345 4536 Divinae
371 4462 568 4537 Comoediae
595 4485 614 4535 a
639 4461 764 4536 Pioaao
788 4461 905 4535 Latino
929 4461 1091 4536 redditam
1116 4459 1298 4537 adornandi
