3144 5164
292 413 354 476 344
740 411 875 462 oauimsr
909 411 966 462 111.

358 631 512 694 Sacratum
536 628 665 708 signum,
688 647 790 692 coram
811 639 855 692 tot
877 628 1027 693 mentibus
1051 627 1114 692 slas

357 739 529 802 Excutiens.
573 740 672 819 Seque
695 739 773 802 ultro
795 747 899 804 rotans
921 741 996 801 haec
1018 758 1091 802 voce
1114 739 1256 802 canebat:

360 849 455 923 Quale
477 849 531 912 tibi
554 849 650 911 melos
673 857 720 911 est
741 849 831 922 istud,
854 851 933 930 quod
957 849 1036 912 nulla
1059 850 1184 912 facultas
1241 887 1250 902 ι

358 958 413 1020 Est
433 958 487 1021 tibi
512 959 658 1034 discendi,
680 959 739 1021 tale
762 967 809 1021 est
830 958 1007 1021 mortalibus
1028 959 1092 1023 illie

307 1077 343 1132 05
360 1067 526 1132 Consilium
548 1078 712 1130 aeternum.
756 1068 831 1131 [lein
854 1069 934 1131 clara
957 1068 1098 1131 incendia
1120 1069 1216 1131 sancti

359 1177 504 1240 Flaminis
526 1177 557 1239 in
580 1177 667 1256 signo
688 1177 803 1258 pariter
823 1185 979 1258 composta
1002 1179 1150 1258 quiemnt,

359 1288 418 1350 Per
440 1289 519 1367 quod
542 1287 731 1350 Romulidum
754 1296 802 1350 est
823 1289 935 1350 mundo
957 1289 1127 1350 venerabile
1150 1307 1269 1350 nomen.

402 1398 498 1477 Atque
520 1397 620 1477 ipsum
641 1415 761 1458 rursus:
783 1397 878 1459 Nemo
901 1415 1025 1477 regnum
1047 1397 1128 1460 istud
1151 1397 1246 1472 inivit,

361 1507 420 1582 Qui
442 1525 503 1568 000
526 1506 557 1567 in
580 1505 645 1568 solo
668 1508 773 1568 statuit
794 1525 878 1587 spem
900 1525 1014 1587 ponere
1037 1507 1168 1580 Christo,

294 1627 343 1680 100
359 1618 418 1678 alut
438 1615 532 1697 prius,
556 1627 606 1676 aut
627 1622 787 1696 postquam
810 1616 903 1678 claris
925 1635 1091 1697 suspensos
1113 1617 1216 1680 obivit

359 1729 414 1788 Ast
435 1745 472 1788 00
494 1725 674 1805 complures,
697 1727 757 1805 qui,
783 1727 911 1799 Christe,
934 1747 952 1788 o
976 1721 1114 1789 Gtrr'rtel
1136 1728 1338 1808 frequentant,

360 1836 445 1911 Quos
466 1835 560 1898 multo
582 1835 681 1896 miuus
703 1836 782 1897 lmrm
804 1847 929 1916 propter
949 1853 1018 1898 cum
1039 1854 1167 1916 corpore
1190 1855 1260 1900 vero

359 1945 504 2026 iosaphat
525 1945 673 2025 adspiciet
694 1944 789 2018 vallis,
812 1963 901 2026 quam
924 1946 1027 2010 nescia
1048 1947 1161 2009 Christi

359 2055 486 2118 Pectora
510 2055 595 2135 queis
617 2056 751 2130 lucrant3
774 2074 809 2117 ao
831 2055 901 2118 talia
924 2056 1170 2120 Christicolmum

294 2167 343 2224 105
361 2165 485 2228 Saecula
508 2165 641 2228 Niliacae
663 2165 749 2244 niger
770 2175 875 2244 arguet
894 2165 994 2228 incola
1017 2166 1110 2246 ripae,

359 2275 433 2338 Cunr
455 2275 515 2336 duo
537 2275 567 2335 in
590 2293 711 2337 aversas
733 2283 835 2356 partes
852 2275 982 2366 collegis
1003 2276 1142 2340 abibuott

359 2369 456 2448 Unum
478 2385 510 2447 iu
531 2393 709 2465 perpetuum
731 2385 876 2466 locuples,
899 2402 991 2448 unum
1015 2387 1147 2449 omnium
1168 2403 1309 2464 egenum.

401 2494 507 2558 llioere
531 2493 601 2574 quid
623 2495 735 2574 poterit
755 2495 864 2558 restris
886 2510 960 2574 gens
981 2497 1075 2558 Persa
1097 2496 1242 2577 tyrannis,

361 2604 435 2666 Post
456 2604 507 2666 ubi
527 2603 589 2685 jam
612 2623 713 2666 coram
734 2604 845 2667 librum
865 2605 1049 2686 inspectabit
1068 2618 1214 2687 apertum,

295 2727 344 2781 110
360 2713 396 2775 ln
418 2732 477 2793 quo
501 2731 625 2776 comere
647 2714 705 2776 erit
726 2723 834 2778 cuncta
847 2716 962 2778 110000
984 2716 1083 2796 tiupio
1105 2714 1206 2779 laeta‘.l

243 2863 244 2866 κ
361 2822 418 2884 llio
439 2822 519 2884 iuter
541 2822 643 2885 titulos
664 2823 777 2888 albeni
800 2825 928 2904 quiaque
950 2825 1063 2888 ridebit

360 2932 457 3006 lllum,
481 2951 569 3012 quem
592 2931 725 2994 calamus
746 2934 923 3014 properabit
944 2935 1061 2998 tradere
1083 2935 1206 3012 chartis,

362 3042 459 3117 Quem
480 3051 604 3123 propter
627 3043 739 3121 l'ragae
759 3059 883 3123 1000010
905 3045 1041 3108 invasere
1062 3046 1183 3122 01100ος

360 3152 423 3214 Nec
445 3170 506 3214 non
528 3171 706 3227 moerorem,
729 3171 788 3234 quo
810 3154 933 3235 planget
953 3155 1094 3235 Sequana
1113 3156 1206 3236 ripas,

295 3262 455 3325 nannius
477 3261 516 3322 ob
537 3262 674 3324 fraudem
696 3281 834 3326 nummos
856 3282 1048 3346 corrumpere
1070 3265 1177 3338 adorti,

363 3372 458 3447 Quem
481 3372 568 3433 tortis
590 3391 702 3452 porcus
724 3374 850 3436 tractum
873 3375 929 3437 sub
953 3375 1076 3438 Tartara
1098 3377 1204 3439 mittet.

362 3480 425 3543 Nec
448 3499 508 3542 noo
530 3481 580 3543 hic
601 3482 702 3546 rabies
725 3483 818 3546 stabit
840 3485 1004 3565 spectanda
1025 3485 1186 3566 superbam

362 3589 536 3654 lmmissura
558 3591 651 3668 sitim,
673 3596 855 3674 scotumque
876 3595 1062 3676 nuptumque
1083 3597 1218 3658 forentes

364 3699 447 3774 Quae
469 3701 569 3774 trahit,
594 3713 625 3764 01
647 3712 798 3784 nequeant
817 3703 895 3765 intra
918 3705 1085 3768 consistere
1107 3713 1238 3781 metam3

297 3809 425 3876 1001100
447 3828 508 3872 000
529 3810 672 3886 luxuries,
695 3821 724 3875 et
745 3813 845 3874 mollis
865 3813 925 3877 rita
946 3814 1081 3888 Bohemi,

362 3919 453 3998 Regis
472 3928 501 3982 et
518 3920 659 4000 Hispani,
684 3922 771 4003 queis
792 3941 945 4003 nunquam
968 3925 1086 4004 cognita
1110 3925 1214 3998 virtus,

362 4029 521 4110 Nunquam
543 4041 666 4110 accepta
688 4031 753 4096 tuit.
797 4031 902 4095 Claudi
925 4052 943 4095 0
964 4035 1082 4115 Solyma
1105 4035 1156 4098 liic
1176 4033 1357 4116 probitatem

364 4139 488 4219 Signum
508 4140 522 4202 l
545 4139 685 4214 declarat,
708 4143 857 4204 contraria
879 4143 907 4204 ll
929 4153 1013 4206 uolat
1033 4163 1116 4208 ansa.

405 4249 463 4311 llio
484 4258 515 4312 01
535 4248 674 4312 avarities
697 4259 786 4331 atque
807 4271 913 4314 excors
934 4253 994 4316 vita
1014 4253 1130 4335 patebit

297 4358 457 4433 11011Ιί00,
478 4359 651 4440 ignipotens
673 4377 761 4441 quem
783 4361 931 4426 detestata
951 4373 1108 4444 tyrannum
1130 4375 1179 4428 eat
