3142 5166
762 449 943 502 sunuaroun
962 450 979 500 i.

325 682 359 737 95
377 669 480 752 Osque
499 671 581 734 laves
603 671 677 751 ipsi,
699 678 731 732 ut
752 670 859 732 sordes
881 669 960 731 eluts
981 667 1103 730 recedat

377 779 496 854 Omnis,
518 798 646 860 namque
668 779 767 860 aliqua
787 777 914 842 nebulae
936 778 1062 855 ealigine
1083 777 1183 840 laesos

375 890 524 954 noussen
543 890 640 969 primo
662 890 744 952 visus
767 891 875 952 offerre
895 888 1033 949 ministre
1060 927 1064 936 ·

374 999 467 1062 dulae
488 999 637 1062 eoelestis.
680 999 828 1079 Perperna
850 998 925 1060 haee
946 997 1044 1058 insula
1065 997 1096 1058 in
1119 997 1178 1058 imo

375 1109 495 1184 Funde,
517 1109 569 1172 ubi
590 1128 623 1171 se
645 1109 763 1171 illidunt
783 1107 896 1181 undae,
920 1106 975 1168 tert
997 1114 1105 1186 sponte
1127 1105 1290 1186 palustrem

311 1233 360 1286 lou
376 1220 434 1282 Per
454 1219 558 1281 limum
575 1217 695 1299 juneas.
737 1220 774 1279 At
797 1217 918 1298 quaevis
940 1217 1033 1278 altera
1055 1215 1156 1297 planta

376 1331 436 1392 Seu
458 1329 616 1402 frondens,
639 1327 736 1390 selide
759 1345 814 1388 seu
836 1334 919 1387 stans
940 1325 970 1386 in
993 1325 1111 1405 stipite,
1133 1323 1244 1398 habere

375 1439 432 1501 ilie
452 1439 542 1501 vitam
563 1438 642 1500 haud
663 1438 777 1517 possit,
800 1452 930 1515 namque
949 1435 1054 1498 harum
1075 1433 1156 1496 nulla
1179 1433 1325 1496 seeundat

376 1549 534 1625 Piagarnm
556 1547 712 1626 impulsus.
755 1545 799 1608 Ne
820 1552 926 1625 postea
948 1545 1026 1606 ierne
1047 1561 1218 1622 regressum

376 1659 453 1720 Hine
474 1657 524 1720 sit.
568 1657 620 1718 Sol
638 1657 701 1737 jam
724 1657 824 1718 oriens
846 1654 925 1717 eiara
946 1672 999 1715 ves
1020 1652 1088 1714 iuee
1109 1652 1229 1714 docebit

312 1775 359 1830 1⁰⁶
377 1768 506 1847 Carpere
528 1765 716 1838 deviemus,
740 1783 797 1845 qua
820 1764 860 1826 sit
880 1764 978 1826 minus
1002 1763 1094 1824 ardua
1115 1779 1217 1842 rupes.

418 1877 499 1938 Haec
519 1875 571 1938 uhi
592 1874 669 1936 dieta
690 1873 787 1946 dedit,
811 1874 921 1936 nestris
942 1873 1061 1936 evanuit
1080 1871 1131 1934 iiie

376 1987 419 2048 Ex
441 1985 546 2048 oeulis.
589 1985 652 2064 Ege
674 1985 768 2045 hume
786 1984 866 2046 haud
888 1983 1009 2046 hiscens
1031 1999 1097 2044 mea
1118 1981 1252 2044 membra
1274 1980 1378 2055 levari,

377 2096 470 2157 'istus
493 2103 524 2157 et
545 2095 659 2158 accessi
681 2094 813 2166 ducturi,
836 2111 872 2154 ae
893 2092 1004 2154 lumina
1027 2092 1057 2152 in
1079 2091 1162 2152 iilum

375 2204 474 2279 Verti3
495 2213 584 2284 atque
606 2205 633 2267 is
655 2205 768 2284 eoepit:
791 2203 864 2275 Fili,
886 2201 1012 2278 vestigia
1034 2208 1136 2263 nestra

312 2327 360 2381 11⁰
376 2314 422 2376 Tu
444 2333 589 2395 sequere,
611 2314 702 2394 inque
721 2314 799 2375 viam
820 2322 901 2375 retro
923 2310 1081 2373 tendamus
1104 2317 1226 2382 euntest

376 2425 511 2504 Namque
531 2423 601 2486 hine
622 2423 762 2503 planities
784 2423 860 2485 dues
882 2420 1037 2484 deseendit
1057 2419 1095 2480 ad
1117 2419 1204 2480 imus.
1252 2501 1254 2507 Α

376 2533 437 2596 Eos
459 2532 596 2594 vineehet
616 2532 706 2594 modo
728 2533 807 2594 iacta
828 2529 1003 2610 erepusenla
1025 2529 1115 2592 terris

376 2641 593 2704 Praemeditata
616 2642 730 2721 iugem,
753 2659 810 2702 nee
827 2641 890 2721 jam
913 2639 1017 2720 preeui
1039 2638 1109 2700 inde
1131 2637 1268 2702 videbam

376 2750 496 2831 Aequor
517 2751 649 2830 erispatu
671 2751 829 2813 tremulum
851 2751 1019 2813 fervescere
1040 2750 1142 2812 ductu.

311 2878 359 2933 tin
419 2859 479 2922 Per
498 2860 583 2921 vaeui
605 2877 666 2924 nen
688 2859 766 2922 suita
788 2860 845 2922 seii
867 2878 924 2921 nos
945 2867 1062 2922 vertere
1084 2875 1214 2937 gressus.

378 2968 483 3042 Qualis
505 2968 556 3048 qui
577 2968 705 3030 exeessit
725 2977 805 3030 reeta
827 2969 949 3048 regione
969 2969 1092 3041 viarum,

377 3079 414 3140 Et
435 3078 527 3153 redit,
550 3079 663 3141 effusus
685 3079 733 3140 eui
756 3089 818 3142 tum
839 3077 925 3141 labor
945 3080 990 3140 ire
1011 3079 1136 3150 videtur,

377 3189 479 3250 idonee
500 3207 537 3251 eo
559 3189 667 3250 veniat.
709 3189 872 3270 Postquam
894 3189 1083 3270 pervenimus
1105 3187 1185 3258 illue,

378 3299 439 3360 Res
459 3297 512 3360 uhi
533 3317 601 3362 eum
621 3298 713 3362 radiis
735 3307 847 3379 pugnat
868 3297 1030 3372 solaribus,
1054 3305 1142 3378 atque

312 3407 686 3481 immurmurantem,
709 3427 784 3488 quas
806 3407 916 3470 muieet
938 3407 1063 3486 frigidus
1086 3413 1146 3480 adr,

377 3517 514 3580 itareseit
532 3517 628 3592 lente3
651 3535 742 3596 super
762 3518 885 3580 herbam
906 3529 1048 3597 utresque
1069 3517 1196 3581 tetendit

379 3626 515 3689 Suaviter
532 3626 585 3690 ille
605 3645 721 3690 manns.
764 3627 827 3705 Ego
849 3635 920 3690 tune
941 3627 1021 3690 haud
1044 3628 1165 3692 nescius
1187 3627 1271 3699 artis.

378 3735 474 3809 Quam
496 3735 846 3815 rossemannum,
869 3737 939 3800 huie
961 3755 1030 3811 era,
1053 3753 1204 3816 genasque

377 3845 519 3908 Protendi
539 3844 670 3908 lacrimis
692 3854 838 3908 verantes.
881 3845 935 3910 lile
957 3847 1089 3910 solerem

314 3963 361 4018 125
378 3954 505 4018 Omnem
526 3955 649 4027 detexit,
672 3954 745 4018 mihi
767 3974 855 4036 quern
877 3957 1025 4019 eelaverat
1046 3955 1152 4018 Oreus,

420 4063 495 4126 Exin
516 4064 664 4128 desertam
686 4065 784 4144 pelugi
805 4065 978 4130 devenimus
1000 4083 1093 4138 uram,

379 4175 463 4248 Quae
483 4193 537 4236 sua
559 4173 700 4238 mortales
722 4192 872 4254 nunquam
894 4175 968 4238 vada
991 4176 1105 4239 dndere
1127 4174 1217 4236 remis

379 4283 500 4347 Viderat
519 4291 659 4364 expertos
681 4283 820 4346 reditum.
864 4285 920 4348 iiie
940 4305 1009 4348 mea
1029 4294 1163 4366 tempere
1185 4283 1277 4346 uinxit

378 4393 437 4457 Pro
458 4393 554 4458 lubitu
568 4394 706 4478 alienus.
750 4393 858 4458 Verum
879 4413 899 4456 u
920 4393 1057 4458 mirabile
1077 4391 1157 4456 risui
