3116 5162
215 391 268 436 pm
745 371 920 424 PRAEFATIO.

205 583 266 658 per
291 557 377 632 solas
405 566 514 630 tamen
542 537 775 631 cohaersiones
801 555 843 630 ad
868 556 957 630 illam
983 555 1154 630 literarum
1183 558 1450 634 communionem

206 677 379 776 pervenire
405 678 501 770 licet,
535 700 619 774 quae
644 673 745 748 hodie
771 698 839 747 non
866 674 980 748 doctos
1007 674 1214 749 solummodo
1240 678 1351 771 droa,
1391 679 1450 752 sed

208 795 364 868 cultiores
389 818 538 893 quosque
564 814 625 892 per
649 793 837 868 universam
862 791 932 866 iere
958 791 1124 892 Europam
1151 795 1330 868 consociat
1370 795 1450 881 oei-

206 913 269 986 hus
295 913 398 1009 igitur
424 935 537 986 cerere
563 912 743 1004 nescimus,
770 935 826 984 eas
852 911 1000 1007 ingenito
1027 911 1169 1010 quodam
1194 912 1273 986 vitio
1289 913 1451 1007 lahorare,

208 1056 387 1130 earumque
412 1054 455 1102 ne
483 1030 638 1128 optimam
665 1029 798 1128 quidem
819 1029 944 1126 justam
970 1041 1092 1104 metam
1118 1030 1312 1127 contingere
1338 1055 1451 1130 pesae,

207 1149 378 1226 fateamur.
424 1149 517 1234 Quae
543 1149 632 1222 enim
659 1149 694 1220 in
720 1149 831 1248 operis
856 1146 978 1248 poetici
995 1149 1265 1246 interpretatione
1284 1149 1452 1224 desidera·

206 1292 300 1362 mus,
334 1277 371 1341 ut
402 1267 546 1340 auctoris
581 1267 778 1340 sententiam
809 1289 924 1365 presse
949 1266 1112 1366 pleneque
1138 1279 1314 1366 sequatur,
1348 1279 1384 1344 et
1417 1280 1455 1343 ot

206 1386 342 1460 insimul
391 1384 478 1458 dulci
523 1408 680 1458 versuum
721 1395 884 1459 concentu
932 1385 1038 1482 ipsius
1086 1387 1226 1484 exempli
1272 1387 1454 1484 imaginem

207 1505 372 1598 exhibeat,
398 1527 437 1576 ea
461 1503 602 1576 invicem
628 1527 742 1576 secum
767 1525 928 1600 pugnare,
954 1527 1053 1578 nemo
1079 1513 1142 1597 est,
1159 1505 1214 1604 qui
1241 1530 1309 1578 non
1332 1505 1453 1582 videat.

206 1624 257 1698 Ad
283 1633 405 1696 meum
430 1645 520 1714 vero,
546 1645 643 1720 mam
670 1621 802 1719 assequi
827 1621 952 1694 nemini
979 1631 1031 1695 est
1055 1645 1268 1718 concessum,
1294 1625 1455 1700 accedere

207 1753 297 1817 certe
322 1763 520 1840 possumus,
548 1750 581 1812 et
606 1739 704 1835 longe
729 1739 867 1839 propius
893 1739 965 1812 sine
992 1738 1093 1813 duhio
1119 1754 1344 1836 accesserunt,
1370 1768 1454 1842 quo·

207 1885 282 1935 rum
300 1883 400 1958 opera
415 1858 539 1932 nostris
559 1857 764 1955 temporibus
778 1860 958 1954 scriptores
974 1858 1098 1931 alienas
1114 1857 1244 1954 linguas
1259 1860 1454 1958 loquuntur,

207 2003 305 2080 pem
338 1977 394 2076 qui
430 1977 518 2075 apud
536 1987 677 2084 'veteres
712 1976 851 2050 eandem
876 1975 912 2050 in
937 2000 974 2049 se
1000 1988 1215 2074 susceperant
1238 1979 1455 2074 provinciam.

206 2099 405 2172 noseorum
431 2119 576 2188 carmen,
602 2095 701 2192 longe
727 2093 967 2188 nobilissimus,
993 2117 1092 2192 quem
1124 2104 1174 2167 tot
1199 2094 1335 2198 saecula
1357 2098 1457 2172 Chri·

208 2217 334 2291 stianae
361 2238 500 2313 poeseos
527 2213 684 2307 tulerunt,
701 2213 840 2306 lructus,
866 2237 945 2316 prpe
972 2214 1111 2287 caeteris
1128 2213 1265 2310 dignum
1281 2225 1343 2308 est,
1363 2219 1456 2314 quod

209 2337 244 2409 in
271 2335 419 2409 omnium
444 2333 641 2432 populorum
656 2333 863 2406 Christianae
888 2331 965 2406 fidei
993 2332 1199 2406 addictorum
1221 2335 1458 2410 communione

208 2454 387 2542 habeatur3
414 2451 531 2525 Divina
551 2451 741 2544 Comoedia,
757 2476 841 2548 opus
865 2459 914 2522 tot
934 2451 1100 2548 tantisque
1127 2451 1375 2528 difficultatibus
1393 2453 1457 2528 im·

209 2573 368 2672 peditum,
384 2569 516 2666 siquod
535 2568 636 2660 aliud,
654 2568 763 2666 poscit
780 2569 1006 2664 interpretem,
1033 2569 1089 2665 qni
1104 2569 1155 2642 vel
1172 2569 1304 2644 ltalicae
1320 2571 1455 2670 linguae

209 2689 325 2789 peritis
352 2686 625 2783 inintelligendo
652 2684 797 2758 carmine
829 2685 1012 2760 subveniat
1064 2685 1205 2761 Tantum
1236 2713 1314 2762 vero
1348 2690 1455 2786 ahest,

210 2820 249 2884 ut
274 2807 373 2881 unius
399 2805 592 2896 alteriusve,
619 2803 861 2902 quantumlibet
886 2802 975 2876 docti
993 2813 1026 2877 et
1052 2804 1230 2900 ingeniosi,
1262 2807 1456 2907 interpretis

212 2949 313 3025 opera
338 2925 379 2998 ad
406 2921 628 3022 expediendos
662 2945 795 3016 omnes,
829 2921 949 3020 quihus
982 2921 1129 2996 abundat
1161 2946 1314 3020 carmen,
1347 2928 1456 3002 nodos

212 3043 372 3136 sulliciat,
399 3052 437 3116 ut
461 3041 556 3114 ardui
582 3039 680 3138 hujus
706 3041 866 3138 propositi
893 3041 1092 3140 assequendi
1119 3064 1235 3116 caussa
1269 3045 1456 3142 doctorum,

213 3163 269 3262 qui
295 3173 374 3234 sunt
398 3161 485 3258 apud
512 3184 627 3233 omnes
654 3158 808 3232 cultiores
834 3159 1129 3259 populoS,lahores
1154 3161 1190 3234 in
1216 3185 1320 3236 unum
1345 3165 1456 3240 collati

212 3281 433 3380 requirantur.
486 3277 554 3351 Sed
579 3277 661 3350 haec
687 3279 889 3352 diversarum
916 3277 1065 3374 gentium
1091 3279 1200 3353 studia
1215 3304 1282 3354 non
1297 3283 1343 3355 ita
1358 3282 1456 3359 facile

212 3409 368 3498 poterunt
394 3397 595 3490 consociari,
630 3396 696 3469 nisi
722 3397 814 3494 operi
841 3396 1070 3470 communibus
1102 3397 1227 3474 virihus
1261 3402 1455 3478 illustrando

213 3541 286 3593 eam
311 3517 404 3614 prius
431 3516 618 3589 dederimus
652 3515 810 3611 linguam,
845 3539 929 3612 qnae
956 3514 1109 3589 omnihus
1143 3516 1249 3592 doctis
1282 3531 1334 3594 est
1366 3546 1456 3596 com·

213 3636 335 3710 munis.
369 3635 423 3726 Et,
451 3635 478 3707 si
495 3633 680 3708 accuratius
698 3633 951 3730 inspexerimus,
977 3657 1109 3707 carmen
1134 3637 1280 3710 divinum
1296 3638 1455 3715 Latini·

215 3765 300 3828 tate
327 3753 449 3826 donare
465 3752 574 3826 minus
592 3753 798 3851 desperatam
812 3775 883 3824 rem
899 3751 1039 3826 lortasse
1058 3754 1218 3850 dicemus,
1245 3781 1355 3854 quam,
1373 3785 1455 3858 quas

216 3872 400 3971 complures
426 3871 531 3944 moliti
563 3881 659 3964 sunt,
693 3871 926 3944 conversiones
960 3870 993 3944 in
1027 3871 1157 3969 linguas
1190 3879 1455 3954 vernaculas.

215 3991 448 4066 Recentiorum
475 3989 563 4062 enim
590 3988 778 4084 linguarum
804 3999 921 4062 natura
948 3990 982 4061 in
1009 3992 1151 4090 compito
1179 3996 1271 4092 quasi
1288 4019 1349 4070 nos
1366 4009 1456 4072 tenet

79 4109 80 4116 ’
214 4109 388 4208 ancipites,
414 4119 525 4182 utrum
551 4109 586 4180 in
601 4107 830 4181 transferenda
845 4107 1023 4182 Comoedia
1038 4109 1153 4183 Dentis
1167 4113 1320 4209 rhythmo
1336 4107 1455 4214 magas,

216 4253 259 4302 an
284 4227 467 4302 sententiae
492 4225 734 4302 inhaereamus.
773 4227 897 4325 Atqui
923 4229 1010 4301 sacri
1036 4230 1192 4304 carminis
1217 4229 1357 4308 formam
1376 4260 1455 4336 poe·

216 4347 315 4420 ticam
342 4345 377 4420 in
402 4345 743 4420 homoeoteleutorom
777 4347 1048 4421 concatenatione
1083 4349 1173 4422 omni
1206 4373 1345 4430 numero
1380 4353 1455 4432 red·
