3144 5164
84 420 86 431 '
330 427 1231 540 mittitote
733 431 797 480 xxtt
1196 309 1414 614 M,

81 519 326 873 3*
231 866 263 928 st
287 866 406 946 panno
427 866 487 940 ssi,
509 883 627 928 ssorum
650 713 832 928 effisos
849 823 970 945 poema,

1305 2206 1310 2474 3

190 976 281 1056 Cujus
303 992 359 1053 ego
381 976 412 1037 in
432 984 547 1056 partem
569 976 685 1038 coelum
707 985 877 1056 terramque
898 978 1010 1050 sceau,

189 1086 240 1148 Sic
263 1096 295 1147 ut
317 1103 365 1146 mc
386 1086 480 1147 macie
502 1085 605 1164 plures
626 1085 791 1148 tenuaverit
813 1103 918 1158 annos

188 1195 294 1257 tinent
315 1195 452 1258 crudeles
474 1195 590 1257 animos
612 1213 660 1256 nte
682 1194 839 1257 excludere
861 1195 931 1256 orili

156 1303 318 1366 dPulchro
337 1303 463 1384 juratos,
487 1303 538 1366 ubi
561 1323 667 1366 somno
689 1305 821 1367 membra
844 1303 952 1366 resolvi

188 1413 299 1492 Agnus,
323 1413 413 1476 corde
434 1414 523 1493 lupos
544 1415 671 1476 humens
693 1415 752 1476 sibi
772 1413 851 1476 bella
873 1414 1002 1489 ciantcs;

187 1522 267 1584 Voce
290 1539 346 1599 ego
367 1531 488 1597 mutata,
511 1531 622 1586 mutato
644 1523 763 1597 vellere,
786 1532 879 1586 vatem

188 1633 234 1694 lle
257 1634 383 1695 releram
405 1633 512 1708 redito,
536 1633 632 1696 sancti
654 1641 684 1695 et
705 1651 799 1714 prope
820 1651 970 1695 marmora
991 1633 1094 1705 lentis,

189 1742 272 1804 Unde
295 1741 354 1804 abii
376 1742 504 1815 ablutus,
527 1743 643 1821 cingam
664 1761 731 1805 mea
753 1752 888 1823 tempora
909 1743 1004 1805 lauro.

142 1851 322 1931 tollamque
345 1860 375 1914 et
396 1869 451 1930 ego
474 1853 540 1932 ipse
563 1852 666 1925 tidem,
696 1871 773 1932 quse
795 1852 909 1914 noimas
931 1863 995 1914 reta
1017 1852 1102 1931 signa
1124 1852 1254 1916 ferentes

189 1962 257 2024 Non
279 1961 352 2024 sinit
371 1962 510 2040 ignorare
531 1961 634 2034 Deum,
656 1961 765 2022 lsonc'
757 1977 912 2039 regressus
933 1961 1020 2034 adivi,

188 2071 307 2150 Proque
328 2071 417 2133 lide'
409 2089 475 2151 lpse
496 2071 570 2134 mihi
592 2079 665 2134 nutu
685 2071 792 2133 Petrus
814 2070 919 2132 annuit
940 2072 1008 2132 isto.

231 2179 306 2242 Dein
328 2181 378 2242 lux
400 2199 433 2242 ex
457 2180 509 2244 illo
531 2181 619 2244 nobis
641 2181 698 2243 luit
718 2180 804 2242 obvie
827 2189 922 2254 coctu,

188 2289 273 2352 Unde
295 2290 380 2370 prior
398 2292 489 2363 venit,
513 2291 564 2371 qui
585 2307 710 2353 munere
733 2291 849 2352 lunetus
872 2305 976 2352 eorum
997 2299 1053 2364 est,

76 2376 81 2476 3
141 2411 171 2465 la
190 2399 272 2473 Quos
295 2400 353 2462 sibi
375 2400 528 2464 substituit
550 2399 697 2464 Christus.
741 2399 818 2462 Tum
839 2399 915 2462 laeta
938 2401 1082 2462 Bssrrnx:

188 2508 291 2572 'leode
313 2511 427 2584 oculos,
449 2510 532 2584 dixit,
556 2519 676 2591 spectn;
698 2509 788 2584 venit,
812 2527 891 2584 eece,
913 2510 1068 2589 Upoastes,

109 2639 110 2646 ¹
188 2618 234 2681 Ob
256 2638 345 2700 quero
368 2619 527 2682 daducium
549 2626 692 2700 properat
714 2635 787 2694 qens
808 2619 906 2682 visere
928 2630 1047 2682 terram.

187 2727 234 2803 Ut,
258 2747 349 2810 quum
371 2749 439 2792 sese
461 2729 544 2792 addit
565 2729 649 2791 socio
673 2729 845 2809 Cythereius
868 2729 940 2803 ales,

187 2837 283 2900 Ambo
306 2839 427 2901 tnhunt
447 2857 535 2918 gyros
557 2848 588 2902 et
608 2857 740 2902 amorem
761 2857 912 2902 murmure
934 2840 1083 2919 produnt:

139 2961 172 3014 tt
187 2947 273 3010 Haud
295 2965 384 3010 secus
406 2965 564 3012 occurrere
586 2949 644 3012 sibi
667 2949 756 3011 simul
777 2967 854 3012 nnus
877 2957 907 3012 et
928 2948 1004 3010 slter

187 3056 251 3119 llux
274 3076 409 3137 magnus,
433 3057 542 3120 decore
564 3059 702 3136 insignis,
725 3059 867 3120 coelestin
888 3059 1013 3120 laudans

186 3165 328 3230 Prandia.
372 3167 427 3230 Ubi
449 3167 571 3230 alternis
593 3175 724 3247 gratatus
745 3176 870 3247 uterque
893 3169 1011 3247 quierit,

189 3276 322 3358 Quisque
344 3277 429 3340 stetit
449 3278 558 3340 tacitus
580 3295 628 3340 me
650 3294 759 3350 coram,
782 3277 849 3339 lnce
870 3293 1035 3338 coruscans

187 3385 291 3461 Tanta,
314 3398 348 3449 ut
367 3388 408 3450 mi
431 3387 564 3450 obruerit
584 3387 706 3450 vultum.
750 3387 810 3449 Sed
833 3385 919 3450 dulce
941 3386 1077 3450 erarx

138 3501 171 3554 tt
186 3495 316 3558 llidene:
340 3496 366 3559 0
389 3515 473 3578 quae,
496 3497 603 3578 inquit,
627 3497 775 3577 scripsisti
798 3495 905 3575 gaudia
927 3503 1058 3570 nostrae,

186 3605 298 3687 Inclyta
319 3606 386 3679 rito,
409 3608 523 3681 domus,
547 3608 659 3669 doceas
679 3607 733 3668 loss
756 3606 884 3668 aetheris
906 3605 980 3668 altss

186 3717 280 3796 Spem
300 3734 444 3778 resonare
466 3715 584 3796 plagam
607 3715 696 3790 nosti,
720 3735 848 3796 namque
870 3715 1013 3796 exprimis
1034 3715 1115 3779 illam

186 3825 233 3888 'ln
255 3825 353 3900 toties,
376 3825 494 3906 quoties
516 3825 627 3890 Christi
648 3827 744 3904 magis
766 3843 817 3886 eru
839 3824 967 3888 ridenda

185 3935 344 3998 Emicuere
366 3935 472 4000 tribus.
517 3936 613 4016 Caput
635 3937 741 4015 arrige,
763 3953 843 4017 pone
865 3936 1018 4010 timorem;

139 4057 171 4109 to
188 4044 339 4125 Quidquid
362 4045 442 4108 enim
464 4046 502 4108 ad
524 4047 658 4127 Superos
680 4045 798 4108 mortali
820 4045 916 4125 surgit
936 4045 974 4108 ab
995 4045 1078 4119 orbe,
1182 4097 1184 4102 .

187 4154 249 4216 Sub
272 4155 383 4217 nostris
403 4155 496 4218 radiis
518 4156 549 4218 id
571 4164 748 4220 maturescat
770 4165 898 4238 eportet.

227 4263 294 4326 Uoc
314 4263 388 4326 milri
411 4264 545 4328 solamen
567 4266 702 4346 pervenit
725 4266 762 4329 ab
785 4245 860 4345 ique
877 4265 1027 4338 secundm

188 4375 286 4449 Quare
303 4391 359 4454 ego
382 4373 420 4438 od
442 4373 595 4438 adstantes
616 4375 695 4438 haud
718 4375 780 4452 logi
803 4374 908 4437 tollere
930 4375 1036 4444 visum,
