<?xml version="1.0" encoding="UTF-8"?>
<!DOCTYPE html PUBLIC "-//W3C//DTD XHTML 1.0 Transitional//EN"
    "http://www.w3.org/TR/xhtml1/DTD/xhtml1-transitional.dtd">
<html xmlns="http://www.w3.org/1999/xhtml" xml:lang="en" lang="en">
 <head>
  <title>
</title>
<meta http-equiv="Content-Type" content="text/html;charset=utf-8" />
  <meta name='ocr-system' content='tesseract 3.04.00' />
  <meta name='ocr-capabilities' content='ocr_page ocr_carea ocr_par ocr_line ocrx_word'/>
</head>
<body>
  <div class='ocr_page' id='page_1' title='image "./divinacomoedia00piazgoog_0275.png"; bbox 0 0 3142 5166; ppageno 0'>
   <div class='ocr_carea' id='block_1_1' title="bbox 318 348 1496 593">
    <p class='ocr_par' dir='ltr' id='par_1_1' title="bbox 318 348 1496 593">
     <span class='ocr_line' id='line_1_1' title="bbox 318 348 1496 537; baseline -0.029 -63"><span class='ocrx_word' id='word_1_1' title='bbox 318 409 376 474; x_wconf 82' lang='lat' dir='ltr'>rar</span> <span class='ocrx_word' id='word_1_2' title='bbox 654 348 1496 537; x_wconf 47' lang='lat' dir='ltr'><em>w</em></span> 
     </span>
     <span class='ocr_line' id='line_1_2' title="bbox 1491 566 1494 593; baseline 0 0"><span class='ocrx_word' id='word_1_3' title='bbox 1491 566 1494 593; x_wconf 59' lang='grc' dir='ltr'>ι</span> 
     </span>
    </p>
   </div>
   <div class='ocr_carea' id='block_1_2' title="bbox 264 597 1493 4425">
    <p class='ocr_par' dir='ltr' id='par_1_2' title="bbox 264 597 1493 4425">
     <span class='ocr_line' id='line_1_3' title="bbox 383 597 1274 706; baseline -0.003 -17"><span class='ocrx_word' id='word_1_4' title='bbox 383 628 476 689; x_wconf 89' lang='lat' dir='ltr'>Tanto</span> <span class='ocrx_word' id='word_1_5' title='bbox 500 627 568 706; x_wconf 88' lang='lat' dir='ltr'>plus</span> <span class='ocrx_word' id='word_1_6' title='bbox 589 625 633 688; x_wconf 85' lang='lat' dir='ltr'>vir</span> <span class='ocrx_word' id='word_1_7' title='bbox 655 624 783 705; x_wconf 85' lang='lat' dir='ltr'>quisque</span> <span class='ocrx_word' id='word_1_8' title='bbox 805 631 895 696; x_wconf 83' lang='lat' dir='ltr'>tenet,</span> <span class='ocrx_word' id='word_1_9' title='bbox 917 622 1044 702; x_wconf 85' lang='lat' dir='ltr'>plusque</span> <span class='ocrx_word' id='word_1_10' title='bbox 1066 597 1151 684; x_wconf 79' lang='lat' dir='ltr'>ardet</span> <span class='ocrx_word' id='word_1_11' title='bbox 1171 641 1274 686; x_wconf 87' lang='lat' dir='ltr'>amore</span> 
     </span>
     <span class='ocr_line' id='line_1_4' title="bbox 383 730 1230 814; baseline -0.006 -15"><span class='ocrx_word' id='word_1_12' title='bbox 383 737 511 800; x_wconf 84' lang='lat' dir='ltr'>Caelesti</span> <span class='ocrx_word' id='word_1_13' title='bbox 534 737 563 797; x_wconf 95' lang='lat' dir='ltr'>in</span> <span class='ocrx_word' id='word_1_14' title='bbox 586 733 691 814; x_wconf 86' lang='lat' dir='ltr'>patria.</span> <span class='ocrx_word' id='word_1_15' title='bbox 734 733 817 796; x_wconf 69' lang='lat' dir='ltr'>nans</span> <span class='ocrx_word' id='word_1_16' title='bbox 839 732 917 794; x_wconf 90' lang='lat' dir='ltr'>haud</span> <span class='ocrx_word' id='word_1_17' title='bbox 940 730 1054 810; x_wconf 86' lang='lat' dir='ltr'>expleta</span> <span class='ocrx_word' id='word_1_18' title='bbox 1076 732 1230 812; x_wconf 75' lang='lat' dir='ltr'>magisque</span> 
     </span>
     <span class='ocr_line' id='line_1_5' title="bbox 383 840 1162 926; baseline -0.009 -16"><span class='ocrx_word' id='word_1_19' title='bbox 383 848 430 920; x_wconf 82' lang='lat' dir='ltr'>nti,</span> <span class='ocrx_word' id='word_1_20' title='bbox 454 846 524 920; x_wconf 83' lang='lat' dir='ltr'>dixi,</span> <span class='ocrx_word' id='word_1_21' title='bbox 543 844 644 926; x_wconf 81' lang='lat' dir='ltr'>jejuna</span> <span class='ocrx_word' id='word_1_22' title='bbox 668 851 774 916; x_wconf 87' lang='lat' dir='ltr'>manet,</span> <span class='ocrx_word' id='word_1_23' title='bbox 799 861 886 922; x_wconf 88' lang='lat' dir='ltr'>quam</span> <span class='ocrx_word' id='word_1_24' title='bbox 909 841 935 902; x_wconf 87' lang='lat' dir='ltr'>si</span> <span class='ocrx_word' id='word_1_25' title='bbox 957 841 1013 904; x_wconf 84' lang='lat' dir='ltr'>iata</span> <span class='ocrx_word' id='word_1_26' title='bbox 1036 840 1162 904; x_wconf 70' lang='lat' dir='ltr'>urende</span> 
     </span>
     <span class='ocr_line' id='line_1_6' title="bbox 332 951 1251 1031; baseline -0.008 -11"><span class='ocrx_word' id='word_1_27' title='bbox 332 969 365 1020; x_wconf 77' lang='lat'>55</span> <span class='ocrx_word' id='word_1_28' title='bbox 381 958 537 1028; x_wconf 75' lang='lat' dir='ltr'>Misisaes3</span> <span class='ocrx_word' id='word_1_29' title='bbox 559 973 627 1017; x_wconf 87' lang='lat' dir='ltr'>nam</span> <span class='ocrx_word' id='word_1_30' title='bbox 650 953 764 1014; x_wconf 86' lang='lat' dir='ltr'>ineerta</span> <span class='ocrx_word' id='word_1_31' title='bbox 784 952 880 1029; x_wconf 78' lang='lat' dir='ltr'>magis</span> <span class='ocrx_word' id='word_1_32' title='bbox 903 969 1109 1030; x_wconf 81' lang='lat' dir='ltr'>suspensaque</span> <span class='ocrx_word' id='word_1_33' title='bbox 1131 951 1251 1031; x_wconf 82' lang='lat' dir='ltr'>pendet</span> 
     </span>
     <span class='ocr_line' id='line_1_7' title="bbox 426 1059 1176 1146; baseline -0.008 -18"><span class='ocrx_word' id='word_1_34' title='bbox 426 1067 483 1141; x_wconf 78' lang='lat' dir='ltr'>Qui</span> <span class='ocrx_word' id='word_1_35' title='bbox 506 1064 616 1146; x_wconf 87' lang='lat' dir='ltr'>poterit</span> <span class='ocrx_word' id='word_1_36' title='bbox 637 1062 711 1135; x_wconf 82' lang='lat' dir='ltr'>deri,</span> <span class='ocrx_word' id='word_1_37' title='bbox 735 1070 768 1122; x_wconf 91' lang='lat' dir='ltr'>ut</span> <span class='ocrx_word' id='word_1_38' title='bbox 788 1061 890 1122; x_wconf 86' lang='lat' dir='ltr'>multis</span> <span class='ocrx_word' id='word_1_39' title='bbox 911 1061 1004 1122; x_wconf 81' lang='lat' dir='ltr'>divisa</span> <span class='ocrx_word' id='word_1_40' title='bbox 1026 1059 1176 1122; x_wconf 89' lang='lat' dir='ltr'>bonorum</span> 
     </span>
     <span class='ocr_line' id='line_1_8' title="bbox 383 1164 1493 1252; baseline -0.007 -13"><span class='ocrx_word' id='word_1_41' title='bbox 383 1178 456 1240; x_wconf 85' lang='lat' dir='ltr'>Pars</span> <span class='ocrx_word' id='word_1_42' title='bbox 479 1175 572 1252; x_wconf 82' lang='lat' dir='ltr'>aragia</span> <span class='ocrx_word' id='word_1_43' title='bbox 594 1173 650 1235; x_wconf 84' lang='lat' dir='ltr'>ires</span> <span class='ocrx_word' id='word_1_44' title='bbox 674 1170 812 1242; x_wconf 80' lang='lat' dir='ltr'>cumulet,</span> <span class='ocrx_word' id='word_1_45' title='bbox 834 1189 922 1250; x_wconf 85' lang='lat' dir='ltr'>quarn</span> <span class='ocrx_word' id='word_1_46' title='bbox 945 1170 971 1232; x_wconf 90' lang='lat' dir='ltr'>si</span> <span class='ocrx_word' id='word_1_47' title='bbox 994 1169 1074 1232; x_wconf 84' lang='lat' dir='ltr'>iliam</span> <span class='ocrx_word' id='word_1_48' title='bbox 1095 1170 1215 1248; x_wconf 78' lang='lat' dir='ltr'><strong>pauculi</strong></span> <span class='ocrx_word' id='word_1_49' title='bbox 1237 1169 1405 1234; x_wconf 78' lang='lat' dir='ltr'>haherent?</span> <span class='ocrx_word' id='word_1_50' title='bbox 1490 1164 1493 1215; x_wconf 68' lang='lat' dir='ltr'>i</span> 
     </span>
     <span class='ocr_line' id='line_1_9' title="bbox 383 1278 1149 1362; baseline -0.012 -12"><span class='ocrx_word' id='word_1_51' title='bbox 383 1289 413 1350; x_wconf 88' lang='lat' dir='ltr'>ls</span> <span class='ocrx_word' id='word_1_52' title='bbox 436 1286 524 1348; x_wconf 81' lang='lat' dir='ltr'>milri:</span> <span class='ocrx_word' id='word_1_53' title='bbox 548 1285 719 1362; x_wconf 80' lang='lat' dir='ltr'>Propterea,</span> <span class='ocrx_word' id='word_1_54' title='bbox 742 1280 820 1360; x_wconf 87' lang='lat' dir='ltr'>quod</span> <span class='ocrx_word' id='word_1_55' title='bbox 842 1289 874 1342; x_wconf 89' lang='lat' dir='ltr'>tu</span> <span class='ocrx_word' id='word_1_56' title='bbox 897 1291 1013 1342; x_wconf 86' lang='lat' dir='ltr'>terrena</span> <span class='ocrx_word' id='word_1_57' title='bbox 1036 1278 1149 1342; x_wconf 81' lang='lat' dir='ltr'>volutas</span> 
     </span>
     <span class='ocr_line' id='line_1_10' title="bbox 383 1387 1213 1474; baseline -0.01 -16"><span class='ocrx_word' id='word_1_58' title='bbox 383 1397 469 1458; x_wconf 88' lang='lat' dir='ltr'>Nunc</span> <span class='ocrx_word' id='word_1_59' title='bbox 492 1411 612 1474; x_wconf 85' lang='lat' dir='ltr'>quaque</span> <span class='ocrx_word' id='word_1_60' title='bbox 633 1401 732 1454; x_wconf 89' lang='lat' dir='ltr'>mente</span> <span class='ocrx_word' id='word_1_61' title='bbox 756 1397 814 1462; x_wconf 90' lang='lat' dir='ltr'>tua,</span> <span class='ocrx_word' id='word_1_62' title='bbox 837 1407 906 1450; x_wconf 82' lang='lat' dir='ltr'>vera</span> <span class='ocrx_word' id='word_1_63' title='bbox 927 1389 964 1450; x_wconf 88' lang='lat' dir='ltr'>da</span> <span class='ocrx_word' id='word_1_64' title='bbox 988 1388 1053 1450; x_wconf 87' lang='lat' dir='ltr'>luca</span> <span class='ocrx_word' id='word_1_65' title='bbox 1074 1387 1213 1451; x_wconf 76' lang='lat' dir='ltr'><strong>tenebras</strong></span> 
     </span>
     <span class='ocr_line' id='line_1_11' title="bbox 333 1498 1244 1581; baseline -0.01 -12"><span class='ocrx_word' id='word_1_66' title='bbox 333 1518 367 1569; x_wconf 78' lang='lat' dir='ltr'>aa</span> <span class='ocrx_word' id='word_1_67' title='bbox 384 1505 484 1568; x_wconf 82' lang='lat' dir='ltr'>Ducis.</span> <span class='ocrx_word' id='word_1_68' title='bbox 527 1503 660 1581; x_wconf 87' lang='lat' dir='ltr'>Namque</span> <span class='ocrx_word' id='word_1_69' title='bbox 682 1499 793 1562; x_wconf 81' lang='lat' dir='ltr'>burrum</span> <span class='ocrx_word' id='word_1_70' title='bbox 815 1518 875 1562; x_wconf 87' lang='lat' dir='ltr'>auu</span> <span class='ocrx_word' id='word_1_71' title='bbox 898 1498 1073 1570; x_wconf 71' lang='lat' dir='ltr'>enarrabile,</span> <span class='ocrx_word' id='word_1_72' title='bbox 1086 1517 1244 1560; x_wconf 68' lang='lat' dir='ltr'>nummum</span> 
     </span>
     <span class='ocr_line' id='line_1_12' title="bbox 299 1607 1252 1692; baseline -0.008 -15"><span class='ocrx_word' id='word_1_73' title='bbox 299 1615 308 1622; x_wconf 85' lang='grc'><em>“</em></span> <span class='ocrx_word' id='word_1_74' title='bbox 384 1615 458 1686; x_wconf 85' lang='lat' dir='ltr'>Hoc,</span> <span class='ocrx_word' id='word_1_75' title='bbox 481 1613 561 1692; x_wconf 89' lang='lat' dir='ltr'>quud</span> <span class='ocrx_word' id='word_1_76' title='bbox 584 1610 674 1674; x_wconf 85' lang='lat' dir='ltr'>cerda</span> <span class='ocrx_word' id='word_1_77' title='bbox 695 1608 763 1670; x_wconf 84' lang='lat' dir='ltr'>beat</span> <span class='ocrx_word' id='word_1_78' title='bbox 785 1627 973 1687; x_wconf 83' lang='lat' dir='ltr'>superarum,</span> <span class='ocrx_word' id='word_1_79' title='bbox 996 1607 1125 1670; x_wconf 82' lang='lat' dir='ltr'>occurrit</span> <span class='ocrx_word' id='word_1_80' title='bbox 1147 1609 1252 1682; x_wconf 87' lang='lat' dir='ltr'>amori,</span> 
     </span>
     <span class='ocr_line' id='line_1_13' title="bbox 386 1717 1069 1803; baseline -0.009 -17"><span class='ocrx_word' id='word_1_81' title='bbox 386 1722 568 1803; x_wconf 83' lang='lat' dir='ltr'>Corporibus</span> <span class='ocrx_word' id='word_1_82' title='bbox 589 1719 679 1782; x_wconf 86' lang='lat' dir='ltr'>veluti</span> <span class='ocrx_word' id='word_1_83' title='bbox 699 1717 867 1780; x_wconf 81' lang='lat' dir='ltr'>lucentibus</span> <span class='ocrx_word' id='word_1_84' title='bbox 888 1718 974 1796; x_wconf 81' lang='lat' dir='ltr'>ignea</span> <span class='ocrx_word' id='word_1_85' title='bbox 996 1719 1069 1780; x_wconf 84' lang='lat' dir='ltr'>solis</span> 
     </span>
     <span class='ocr_line' id='line_1_14' title="bbox 386 1827 1165 1912; baseline -0.005 -18"><span class='ocrx_word' id='word_1_86' title='bbox 386 1831 515 1912; x_wconf 79' lang='lat' dir='ltr'><strong>Spicula.</strong></span> <span class='ocrx_word' id='word_1_87' title='bbox 559 1828 704 1892; x_wconf 84' lang='lat' dir='ltr'>Caelestis</span> <span class='ocrx_word' id='word_1_88' title='bbox 725 1835 838 1892; x_wconf 85' lang='lat' dir='ltr'>tantum</span> <span class='ocrx_word' id='word_1_89' title='bbox 860 1827 1034 1890; x_wconf 76' lang='lat' dir='ltr'>conceditur</span> <span class='ocrx_word' id='word_1_90' title='bbox 1055 1834 1165 1900; x_wconf 79' lang='lat' dir='ltr'>aestua,</span> 
     </span>
     <span class='ocr_line' id='line_1_15' title="bbox 387 1937 1290 2016; baseline -0.007 -12"><span class='ocrx_word' id='word_1_91' title='bbox 387 1945 535 2016; x_wconf 72' lang='lat' dir='ltr'>duantum</span> <span class='ocrx_word' id='word_1_92' title='bbox 557 1939 606 2002; x_wconf 82' lang='grc' dir='ltr'>Ιιίο</span> <span class='ocrx_word' id='word_1_93' title='bbox 628 1938 778 2002; x_wconf 84' lang='lat' dir='ltr'>inventum</span> <span class='ocrx_word' id='word_1_94' title='bbox 801 1945 855 2000; x_wconf 87' lang='lat' dir='ltr'>est</span> <span class='ocrx_word' id='word_1_95' title='bbox 901 1937 999 2012; x_wconf 85' lang='lat' dir='ltr'>Quare</span> <span class='ocrx_word' id='word_1_96' title='bbox 1022 1955 1081 2016; x_wconf 87' lang='lat' dir='ltr'>quo</span> <span class='ocrx_word' id='word_1_97' title='bbox 1103 1937 1190 2000; x_wconf 86' lang='lat' dir='ltr'>iatius</span> <span class='ocrx_word' id='word_1_98' title='bbox 1212 1937 1290 2014; x_wconf 78' lang='lat' dir='ltr'>ignia</span> 
     </span>
     <span class='ocr_line' id='line_1_16' title="bbox 336 2047 1084 2120; baseline -0.004 -11"><span class='ocrx_word' id='word_1_99' title='bbox 336 2057 369 2110; x_wconf 68' lang='lat' dir='ltr'>aa</span> <span class='ocrx_word' id='word_1_100' title='bbox 387 2051 462 2120; x_wconf 79' lang='lat' dir='ltr'>Exit,</span> <span class='ocrx_word' id='word_1_101' title='bbox 484 2069 522 2112; x_wconf 87' lang='lat' dir='ltr'>ea</span> <span class='ocrx_word' id='word_1_102' title='bbox 543 2049 661 2112; x_wconf 86' lang='lat' dir='ltr'>damma</span> <span class='ocrx_word' id='word_1_103' title='bbox 683 2047 774 2109; x_wconf 80' lang='lat' dir='ltr'>virtus</span> <span class='ocrx_word' id='word_1_104' title='bbox 797 2054 915 2108; x_wconf 87' lang='lat' dir='ltr'>aeterna</span> <span class='ocrx_word' id='word_1_105' title='bbox 937 2047 1084 2110; x_wconf 82' lang='lat' dir='ltr'>redundat</span> 
     </span>
     <span class='ocr_line' id='line_1_17' title="bbox 386 2154 1115 2241; baseline -0.01 -18"><span class='ocrx_word' id='word_1_106' title='bbox 386 2160 508 2241; x_wconf 83' lang='lat' dir='ltr'>iiajora,</span> <span class='ocrx_word' id='word_1_107' title='bbox 532 2167 562 2221; x_wconf 86' lang='lat' dir='ltr'>et</span> <span class='ocrx_word' id='word_1_108' title='bbox 583 2167 692 2238; x_wconf 89' lang='lat' dir='ltr'>quanta</span> <span class='ocrx_word' id='word_1_109' title='bbox 714 2155 816 2236; x_wconf 86' lang='lat' dir='ltr'>plures</span> <span class='ocrx_word' id='word_1_110' title='bbox 838 2155 1033 2232; x_wconf 80' lang='lat' dir='ltr'>exgentibus</span> <span class='ocrx_word' id='word_1_111' title='bbox 1055 2154 1115 2218; x_wconf 82' lang='lat' dir='ltr'>iilis</span> 
     </span>
     <span class='ocr_line' id='line_1_18' title="bbox 386 2265 1138 2348; baseline -0.009 -16"><span class='ocrx_word' id='word_1_112' title='bbox 386 2270 460 2332; x_wconf 86' lang='lat' dir='ltr'>iiiuc</span> <span class='ocrx_word' id='word_1_113' title='bbox 482 2267 639 2348; x_wconf 83' lang='lat' dir='ltr'>intendunt</span> <span class='ocrx_word' id='word_1_114' title='bbox 661 2267 786 2340; x_wconf 83' lang='lat' dir='ltr'>animoa,</span> <span class='ocrx_word' id='word_1_115' title='bbox 809 2273 841 2328; x_wconf 92' lang='lat' dir='ltr'>et</span> <span class='ocrx_word' id='word_1_116' title='bbox 862 2283 962 2328; x_wconf 88' lang='lat' dir='ltr'>amare</span> <span class='ocrx_word' id='word_1_117' title='bbox 984 2265 1138 2340; x_wconf 76' lang='lat' dir='ltr'>feruntur3</span> 
     </span>
     <span class='ocr_line' id='line_1_19' title="bbox 387 2373 1177 2458; baseline -0.006 -17"><span class='ocrx_word' id='word_1_118' title='bbox 387 2379 481 2441; x_wconf 89' lang='lat' dir='ltr'>Tanto</span> <span class='ocrx_word' id='word_1_119' title='bbox 504 2377 573 2458; x_wconf 86' lang='lat' dir='ltr'>plus</span> <span class='ocrx_word' id='word_1_120' title='bbox 594 2377 670 2458; x_wconf 82' lang='lat' dir='ltr'>ipsis</span> <span class='ocrx_word' id='word_1_121' title='bbox 691 2377 769 2440; x_wconf 84' lang='lat' dir='ltr'>bana</span> <span class='ocrx_word' id='word_1_122' title='bbox 790 2375 909 2438; x_wconf 87' lang='lat' dir='ltr'>amandi</span> <span class='ocrx_word' id='word_1_123' title='bbox 930 2373 1016 2454; x_wconf 81' lang='lat' dir='ltr'>eopia</span> <span class='ocrx_word' id='word_1_124' title='bbox 1038 2373 1177 2448; x_wconf 75' lang='lat' dir='ltr'>abundat,</span> 
     </span>
     <span class='ocr_line' id='line_1_20' title="bbox 386 2483 1322 2567; baseline -0.006 -15"><span class='ocrx_word' id='word_1_125' title='bbox 386 2488 580 2567; x_wconf 76' lang='lat' dir='ltr'>Diligiturque</span> <span class='ocrx_word' id='word_1_126' title='bbox 603 2503 699 2565; x_wconf 78' lang='lat' dir='ltr'>mage.</span> <span class='ocrx_word' id='word_1_127' title='bbox 743 2486 781 2548; x_wconf 90' lang='lat' dir='ltr'>Ut</span> <span class='ocrx_word' id='word_1_128' title='bbox 802 2484 967 2566; x_wconf 84' lang='lat' dir='ltr'>speculum,</span> <span class='ocrx_word' id='word_1_129' title='bbox 989 2483 1069 2564; x_wconf 88' lang='lat' dir='ltr'>quud</span> <span class='ocrx_word' id='word_1_130' title='bbox 1092 2483 1203 2546; x_wconf 83' lang='lat' dir='ltr'>lumina</span> <span class='ocrx_word' id='word_1_131' title='bbox 1224 2483 1322 2546; x_wconf 86' lang='lat' dir='ltr'>reddit</span> 
     </span>
     <span class='ocr_line' id='line_1_21' title="bbox 336 2593 1150 2676; baseline -0.007 -14"><span class='ocrx_word' id='word_1_132' title='bbox 336 2613 370 2662; x_wconf 84' lang='lat' dir='ltr'>&#39;tu</span> <span class='ocrx_word' id='word_1_133' title='bbox 387 2597 514 2670; x_wconf 75' lang='lat' dir='ltr'>Alterius</span> <span class='ocrx_word' id='word_1_134' title='bbox 537 2597 650 2676; x_wconf 77' lang='lat' dir='ltr'><strong>speculi</strong></span> <span class='ocrx_word' id='word_1_135' title='bbox 671 2596 757 2668; x_wconf 85' lang='lat' dir='ltr'>vitra,</span> <span class='ocrx_word' id='word_1_136' title='bbox 780 2604 810 2657; x_wconf 87' lang='lat' dir='ltr'>et</span> <span class='ocrx_word' id='word_1_137' title='bbox 831 2593 989 2658; x_wconf 84' lang='lat' dir='ltr'>simulacra</span> <span class='ocrx_word' id='word_1_138' title='bbox 1010 2594 1150 2656; x_wconf 85' lang='lat' dir='ltr'>retundit</span> 
     </span>
     <span class='ocr_line' id='line_1_22' title="bbox 331 2703 1164 2784; baseline -0.004 -15"><span class='ocrx_word' id='word_1_139' title='bbox 331 2706 332 2710; x_wconf 71' lang='grc'>’</span> <span class='ocrx_word' id='word_1_140' title='bbox 387 2707 474 2781; x_wconf 83' lang='lat' dir='ltr'>Quod</span> <span class='ocrx_word' id='word_1_141' title='bbox 497 2707 522 2766; x_wconf 88' lang='lat' dir='ltr'>si</span> <span class='ocrx_word' id='word_1_142' title='bbox 543 2725 605 2768; x_wconf 88' lang='lat' dir='ltr'>nou</span> <span class='ocrx_word' id='word_1_143' title='bbox 627 2705 725 2784; x_wconf 81' lang='lat' dir='ltr'>expiet</span> <span class='ocrx_word' id='word_1_144' title='bbox 745 2705 824 2766; x_wconf 87' lang='lat' dir='ltr'>ratio</span> <span class='ocrx_word' id='word_1_145' title='bbox 845 2712 873 2764; x_wconf 90' lang='lat' dir='ltr'>te</span> <span class='ocrx_word' id='word_1_146' title='bbox 896 2711 1006 2776; x_wconf 84' lang='lat' dir='ltr'>uestra,</span> <span class='ocrx_word' id='word_1_147' title='bbox 1028 2703 1164 2766; x_wconf 77' lang='lat' dir='ltr'>Buararx</span> 
     </span>
     <span class='ocr_line' id='line_1_23' title="bbox 387 2813 1156 2894; baseline -0.001 -17"><span class='ocrx_word' id='word_1_148' title='bbox 387 2814 530 2877; x_wconf 72' lang='lat' dir='ltr'>Adveniet</span> <span class='ocrx_word' id='word_1_149' title='bbox 551 2814 713 2894; x_wconf 81' lang='lat' dir='ltr'>spectanda</span> <span class='ocrx_word' id='word_1_150' title='bbox 735 2813 799 2884; x_wconf 88' lang='lat' dir='ltr'>tibi,</span> <span class='ocrx_word' id='word_1_151' title='bbox 823 2832 899 2893; x_wconf 88' lang='lat' dir='ltr'>quae</span> <span class='ocrx_word' id='word_1_152' title='bbox 921 2813 1039 2893; x_wconf 80' lang='lat' dir='ltr'>pierius</span> <span class='ocrx_word' id='word_1_153' title='bbox 1061 2813 1156 2886; x_wconf 85' lang='lat' dir='ltr'>iatam,</span> 
     </span>
     <span class='ocr_line' id='line_1_24' title="bbox 387 2922 1132 3005; baseline -0.004 -18"><span class='ocrx_word' id='word_1_154' title='bbox 387 2925 424 2987; x_wconf 83' lang='lat' dir='ltr'>iit</span> <span class='ocrx_word' id='word_1_155' title='bbox 446 2923 577 3005; x_wconf 82' lang='lat' dir='ltr'>quamvis</span> <span class='ocrx_word' id='word_1_156' title='bbox 600 2923 687 2988; x_wconf 82' lang='lat' dir='ltr'>aliam</span> <span class='ocrx_word' id='word_1_157' title='bbox 708 2922 798 2986; x_wconf 84' lang='lat' dir='ltr'>veliet</span> <span class='ocrx_word' id='word_1_158' title='bbox 817 2923 855 2984; x_wconf 84' lang='lat' dir='ltr'>de</span> <span class='ocrx_word' id='word_1_159' title='bbox 876 2930 998 3002; x_wconf 79' lang='lat' dir='ltr'>pentura</span> <span class='ocrx_word' id='word_1_160' title='bbox 1022 2939 1132 2986; x_wconf 79' lang='lat' dir='ltr'>euram.</span> 
     </span>
     <span class='ocr_line' id='line_1_25' title="bbox 386 3031 1331 3114; baseline -0.002 -18"><span class='ocrx_word' id='word_1_161' title='bbox 386 3035 445 3096; x_wconf 81' lang='lat' dir='ltr'>Far</span> <span class='ocrx_word' id='word_1_162' title='bbox 467 3033 519 3100; x_wconf 86' lang='lat' dir='ltr'>tibi</span> <span class='ocrx_word' id='word_1_163' title='bbox 543 3051 630 3114; x_wconf 87' lang='lat' dir='ltr'>quarn</span> <span class='ocrx_word' id='word_1_164' title='bbox 651 3033 780 3112; x_wconf 87' lang='lat' dir='ltr'>primurn</span> <span class='ocrx_word' id='word_1_165' title='bbox 801 3032 1024 3110; x_wconf 73' lang='lat' dir='ltr'>exstinguantur</span> <span class='ocrx_word' id='word_1_166' title='bbox 1044 3031 1164 3096; x_wconf 79' lang='lat' dir='ltr'>vulnera</span> <span class='ocrx_word' id='word_1_167' title='bbox 1188 3032 1331 3113; x_wconf 84' lang='lat' dir='ltr'>quinque,</span> 
     </span>
     <span class='ocr_line' id='line_1_26' title="bbox 265 3141 1315 3225; baseline -0.004 -17"><span class='ocrx_word' id='word_1_168' title='bbox 265 3155 267 3166; x_wconf 92' lang='lat'>&#39;</span> <span class='ocrx_word' id='word_1_169' title='bbox 336 3155 369 3208; x_wconf 78' lang='lat' dir='ltr'>ta</span> <span class='ocrx_word' id='word_1_170' title='bbox 387 3145 470 3208; x_wconf 86' lang='lat' dir='ltr'>Sicut</span> <span class='ocrx_word' id='word_1_171' title='bbox 487 3143 549 3225; x_wconf 85' lang='lat' dir='ltr'>jam</span> <span class='ocrx_word' id='word_1_172' title='bbox 572 3143 621 3206; x_wconf 84' lang='lat' dir='ltr'>iiia</span> <span class='ocrx_word' id='word_1_173' title='bbox 643 3143 712 3216; x_wconf 88' lang='lat' dir='ltr'>dua,</span> <span class='ocrx_word' id='word_1_174' title='bbox 736 3161 812 3222; x_wconf 83' lang='lat' dir='ltr'>quaa</span> <span class='ocrx_word' id='word_1_175' title='bbox 834 3150 880 3206; x_wconf 87' lang='lat' dir='ltr'>eat</span> <span class='ocrx_word' id='word_1_176' title='bbox 902 3141 1040 3206; x_wconf 75' lang='lat' dir='ltr'>claudere</span> <span class='ocrx_word' id='word_1_177' title='bbox 1062 3143 1152 3206; x_wconf 80' lang='lat' dir='ltr'>narde</span> <span class='ocrx_word' id='word_1_178' title='bbox 1174 3141 1315 3204; x_wconf 83' lang='lat' dir='ltr'>dolenda.</span> 
     </span>
     <span class='ocr_line' id='line_1_27' title="bbox 428 3251 1221 3330; baseline -0.003 -14"><span class='ocrx_word' id='word_1_179' title='bbox 428 3255 493 3318; x_wconf 76' lang='lat' dir='ltr'>iam</span> <span class='ocrx_word' id='word_1_180' title='bbox 515 3253 649 3318; x_wconf 77' lang='lat' dir='ltr'>dicturus</span> <span class='ocrx_word' id='word_1_181' title='bbox 671 3271 753 3316; x_wconf 85' lang='lat' dir='ltr'>eram</span> <span class='ocrx_word' id='word_1_182' title='bbox 774 3251 848 3314; x_wconf 84' lang='lat' dir='ltr'>satia</span> <span class='ocrx_word' id='word_1_183' title='bbox 869 3251 944 3314; x_wconf 81' lang='lat' dir='ltr'>haec</span> <span class='ocrx_word' id='word_1_184' title='bbox 966 3252 1074 3315; x_wconf 82' lang='lat' dir='ltr'>iecisse</span> <span class='ocrx_word' id='word_1_185' title='bbox 1096 3251 1221 3330; x_wconf 68' lang='lat' dir='ltr'>mgna,</span> 
     </span>
     <span class='ocr_line' id='line_1_28' title="bbox 387 3361 1214 3442; baseline -0.005 -14"><span class='ocrx_word' id='word_1_186' title='bbox 387 3365 461 3428; x_wconf 81' lang='lat' dir='ltr'>Cum</span> <span class='ocrx_word' id='word_1_187' title='bbox 483 3365 563 3428; x_wconf 85' lang='lat' dir='ltr'>senei</span> <span class='ocrx_word' id='word_1_188' title='bbox 586 3363 708 3428; x_wconf 83' lang='lat' dir='ltr'>alterius</span> <span class='ocrx_word' id='word_1_189' title='bbox 729 3363 823 3424; x_wconf 82' lang='lat' dir='ltr'>flexus</span> <span class='ocrx_word' id='word_1_190' title='bbox 845 3379 894 3424; x_wconf 87' lang='lat' dir='ltr'>me</span> <span class='ocrx_word' id='word_1_191' title='bbox 915 3369 1036 3440; x_wconf 84' lang='lat' dir='ltr'>tangere</span> <span class='ocrx_word' id='word_1_192' title='bbox 1058 3361 1214 3442; x_wconf 78' lang='lat' dir='ltr'>spondam,</span> 
     </span>
     <span class='ocr_line' id='line_1_29' title="bbox 387 3471 1224 3551; baseline -0.004 -16"><span class='ocrx_word' id='word_1_193' title='bbox 387 3474 485 3548; x_wconf 85' lang='lat' dir='ltr'>Quare</span> <span class='ocrx_word' id='word_1_194' title='bbox 508 3472 612 3536; x_wconf 84' lang='lat' dir='ltr'>oculus</span> <span class='ocrx_word' id='word_1_195' title='bbox 636 3472 759 3551; x_wconf 81' lang='lat' dir='ltr'>cupiens</span> <span class='ocrx_word' id='word_1_196' title='bbox 782 3471 875 3536; x_wconf 85' lang='lat' dir='ltr'>suasit</span> <span class='ocrx_word' id='word_1_197' title='bbox 898 3487 1090 3550; x_wconf 72' lang='lat' dir='ltr'>compascere</span> <span class='ocrx_word' id='word_1_198' title='bbox 1112 3489 1224 3534; x_wconf 67' lang='lat' dir='ltr'>numm.</span> 
     </span>
     <span class='ocr_line' id='line_1_30' title="bbox 264 3568 1205 3672; baseline -0.004 -26"><span class='ocrx_word' id='word_1_199' title='bbox 264 3568 268 3672; x_wconf 72' lang='lat' dir='ltr'>i</span> <span class='ocrx_word' id='word_1_200' title='bbox 386 3586 480 3664; x_wconf 76' lang='lat' dir='ltr'>Atque</span> <span class='ocrx_word' id='word_1_201' title='bbox 504 3583 544 3644; x_wconf 75' lang='lat' dir='ltr'>ilii</span> <span class='ocrx_word' id='word_1_202' title='bbox 566 3589 664 3646; x_wconf 84' lang='lat' dir='ltr'>menta</span> <span class='ocrx_word' id='word_1_203' title='bbox 687 3579 744 3642; x_wconf 83' lang='lat' dir='ltr'>abii</span> <span class='ocrx_word' id='word_1_204' title='bbox 768 3589 880 3660; x_wconf 81' lang='lat' dir='ltr'>raptus,</span> <span class='ocrx_word' id='word_1_205' title='bbox 904 3579 1062 3660; x_wconf 75' lang='lat' dir='ltr'>subitaque</span> <span class='ocrx_word' id='word_1_206' title='bbox 1084 3581 1205 3644; x_wconf 85' lang='lat' dir='ltr'>videbar</span> 
     </span>
     <span class='ocr_line' id='line_1_31' title="bbox 335 3689 1265 3770; baseline -0.004 -14"><span class='ocrx_word' id='word_1_207' title='bbox 335 3709 369 3762; x_wconf 76' lang='lat' dir='ltr'>aa</span> <span class='ocrx_word' id='word_1_208' title='bbox 387 3693 546 3756; x_wconf 84' lang='lat' dir='ltr'>Collautanr</span> <span class='ocrx_word' id='word_1_209' title='bbox 568 3694 599 3755; x_wconf 88' lang='lat' dir='ltr'>in</span> <span class='ocrx_word' id='word_1_210' title='bbox 620 3689 733 3770; x_wconf 80' lang='lat' dir='ltr'>templu</span> <span class='ocrx_word' id='word_1_211' title='bbox 754 3691 875 3754; x_wconf 84' lang='lat' dir='ltr'>multam</span> <span class='ocrx_word' id='word_1_212' title='bbox 897 3690 972 3754; x_wconf 84' lang='lat' dir='ltr'>milri</span> <span class='ocrx_word' id='word_1_213' title='bbox 993 3707 1117 3754; x_wconf 83' lang='lat' dir='ltr'>cernere</span> <span class='ocrx_word' id='word_1_214' title='bbox 1137 3690 1265 3764; x_wconf 83' lang='lat' dir='ltr'>turham,</span> 
     </span>
     <span class='ocr_line' id='line_1_32' title="bbox 386 3799 1194 3883; baseline 0 -19"><span class='ocrx_word' id='word_1_215' title='bbox 386 3803 423 3864; x_wconf 78' lang='lat' dir='ltr'>Et</span> <span class='ocrx_word' id='word_1_216' title='bbox 445 3802 590 3883; x_wconf 82' lang='lat' dir='ltr'>quaradaru</span> <span class='ocrx_word' id='word_1_217' title='bbox 614 3808 690 3864; x_wconf 77' lang='lat' dir='ltr'>tecto</span> <span class='ocrx_word' id='word_1_218' title='bbox 713 3801 888 3864; x_wconf 81' lang='lat' dir='ltr'>subeuntem</span> <span class='ocrx_word' id='word_1_219' title='bbox 910 3799 1012 3864; x_wconf 78' lang='lat' dir='ltr'>matria</span> <span class='ocrx_word' id='word_1_220' title='bbox 1034 3799 1194 3864; x_wconf 80' lang='lat' dir='ltr'>habeatem</span> 
     </span>
     <span class='ocr_line' id='line_1_33' title="bbox 386 3907 1425 3992; baseline -0.009 -13"><span class='ocrx_word' id='word_1_221' title='bbox 386 3911 477 3978; x_wconf 73' lang='lat' dir='ltr'>tautae</span> <span class='ocrx_word' id='word_1_222' title='bbox 500 3931 534 3972; x_wconf 88' lang='lat' dir='ltr'>oe</span> <span class='ocrx_word' id='word_1_223' title='bbox 556 3919 645 3989; x_wconf 87' lang='lat' dir='ltr'>atqua</span> <span class='ocrx_word' id='word_1_224' title='bbox 665 3907 798 3972; x_wconf 85' lang='lat' dir='ltr'>habitum</span> <span class='ocrx_word' id='word_1_225' title='bbox 820 3916 909 3989; x_wconf 84' lang='lat' dir='ltr'>atque</span> <span class='ocrx_word' id='word_1_226' title='bbox 931 3908 1070 3972; x_wconf 87' lang='lat' dir='ltr'>edeuteru</span> <span class='ocrx_word' id='word_1_227' title='bbox 1090 3909 1144 3972; x_wconf 83' lang='lat' dir='ltr'>has</span> <span class='ocrx_word' id='word_1_228' title='bbox 1166 3911 1259 3974; x_wconf 79' lang='lat' dir='ltr'>eorde</span> <span class='ocrx_word' id='word_1_229' title='bbox 1275 3909 1425 3992; x_wconf 71' lang='lat' dir='ltr'>loquetae:</span> 
     </span>
     <span class='ocr_line' id='line_1_34' title="bbox 388 4016 1135 4094; baseline 0 -12"><span class='ocrx_word' id='word_1_230' title='bbox 388 4021 464 4094; x_wconf 84' lang='lat' dir='ltr'>Quid</span> <span class='ocrx_word' id='word_1_231' title='bbox 488 4021 532 4082; x_wconf 85' lang='lat' dir='ltr'>sia</span> <span class='ocrx_word' id='word_1_232' title='bbox 556 4019 651 4080; x_wconf 81' lang='lat' dir='ltr'>iecisti</span> <span class='ocrx_word' id='word_1_233' title='bbox 673 4016 769 4092; x_wconf 85' lang='lat' dir='ltr'>nebia,</span> <span class='ocrx_word' id='word_1_234' title='bbox 791 4016 857 4081; x_wconf 83' lang='lat' dir='ltr'>tint</span> <span class='ocrx_word' id='word_1_235' title='bbox 899 4019 978 4082; x_wconf 81' lang='lat' dir='ltr'>Eece</span> <span class='ocrx_word' id='word_1_236' title='bbox 999 4017 1135 4082; x_wconf 80' lang='lat' dir='ltr'>detentae</span> 
     </span>
     <span class='ocr_line' id='line_1_35' title="bbox 387 4131 1249 4210; baseline 0 -18"><span class='ocrx_word' id='word_1_237' title='bbox 387 4131 424 4192; x_wconf 86' lang='lat' dir='ltr'>Et</span> <span class='ocrx_word' id='word_1_238' title='bbox 445 4137 538 4209; x_wconf 82' lang='lat' dir='ltr'>pater,</span> <span class='ocrx_word' id='word_1_239' title='bbox 561 4137 592 4190; x_wconf 87' lang='lat' dir='ltr'>et</span> <span class='ocrx_word' id='word_1_240' title='bbox 611 4135 662 4190; x_wconf 83' lang='lat' dir='ltr'>tua</span> <span class='ocrx_word' id='word_1_241' title='bbox 683 4143 739 4204; x_wconf 75' lang='lat' dir='ltr'>ega</span> <span class='ocrx_word' id='word_1_242' title='bbox 761 4137 854 4190; x_wconf 82' lang='lat' dir='ltr'>mater</span> <span class='ocrx_word' id='word_1_243' title='bbox 876 4137 904 4192; x_wconf 83' lang='lat' dir='ltr'>te</span> <span class='ocrx_word' id='word_1_244' title='bbox 927 4141 1072 4209; x_wconf 81' lang='lat' dir='ltr'>quaerere</span> <span class='ocrx_word' id='word_1_245' title='bbox 1094 4147 1249 4210; x_wconf 79' lang='lat' dir='ltr'>nunquam</span> 
     </span>
     <span class='ocr_line' id='line_1_36' title="bbox 335 4236 1257 4316; baseline -0.007 -10"><span class='ocrx_word' id='word_1_246' title='bbox 335 4251 369 4306; x_wconf 74' lang='lat'>85</span> <span class='ocrx_word' id='word_1_247' title='bbox 386 4238 568 4302; x_wconf 75' lang='lat' dir='ltr'>destitimus.</span> <span class='ocrx_word' id='word_1_248' title='bbox 592 4269 631 4282; x_wconf 90' lang='lat'><em>-</em></span> <span class='ocrx_word' id='word_1_249' title='bbox 653 4237 724 4300; x_wconf 79' lang='lat' dir='ltr'>rosa</span> <span class='ocrx_word' id='word_1_250' title='bbox 746 4236 821 4298; x_wconf 81' lang='lat' dir='ltr'>haee</span> <span class='ocrx_word' id='word_1_251' title='bbox 842 4255 909 4300; x_wconf 83' lang='lat' dir='ltr'>euru</span> <span class='ocrx_word' id='word_1_252' title='bbox 931 4255 1003 4302; x_wconf 80' lang='lat' dir='ltr'>reue</span> <span class='ocrx_word' id='word_1_253' title='bbox 1025 4238 1129 4316; x_wconf 77' lang='lat' dir='ltr'>effugit</span> <span class='ocrx_word' id='word_1_254' title='bbox 1149 4239 1257 4315; x_wconf 78' lang='lat' dir='ltr'>imago,</span> 
     </span>
     <span class='ocr_line' id='line_1_37' title="bbox 388 4346 1279 4425; baseline -0.002 -13"><span class='ocrx_word' id='word_1_255' title='bbox 388 4351 471 4424; x_wconf 85' lang='lat' dir='ltr'>Quae</span> <span class='ocrx_word' id='word_1_256' title='bbox 492 4347 565 4412; x_wconf 84' lang='lat' dir='ltr'>mihi</span> <span class='ocrx_word' id='word_1_257' title='bbox 589 4349 650 4412; x_wconf 80' lang='lat' dir='ltr'>riae</span> <span class='ocrx_word' id='word_1_258' title='bbox 671 4347 756 4425; x_wconf 84' lang='lat' dir='ltr'>priua</span> <span class='ocrx_word' id='word_1_259' title='bbox 778 4347 882 4410; x_wconf 80' lang='lat' dir='ltr'>iuerat.</span> <span class='ocrx_word' id='word_1_260' title='bbox 926 4346 1152 4410; x_wconf 71' lang='lat' dir='ltr'>Maurarum</span> <span class='ocrx_word' id='word_1_261' title='bbox 1176 4365 1279 4412; x_wconf 75' lang='lat' dir='ltr'>aaran</span> 
     </span>
    </p>
   </div>
   <div class='ocr_carea' id='block_1_3' title="bbox 268 4482 880 4560">
    <p class='ocr_par' dir='ltr' id='par_1_3' title="bbox 268 4482 880 4560">
     <span class='ocr_line' id='line_1_38' title="bbox 268 4482 880 4560; baseline -0.026 1"><span class='ocrx_word' id='word_1_262' title='bbox 268 4482 286 4558; x_wconf 37' lang='grc' dir='ltr'>ἱ</span> <span class='ocrx_word' id='word_1_263' title='bbox 301 4553 311 4560; x_wconf 83' lang='grc'>-</span> <span class='ocrx_word' id='word_1_264' title='bbox 321 4553 327 4560; x_wconf 78' lang='grc'><strong>.</strong></span> <span class='ocrx_word' id='word_1_265' title='bbox 352 4549 473 4559; x_wconf 61' lang='grc' dir='ltr'>..υ-...ο</span> <span class='ocrx_word' id='word_1_266' title='bbox 497 4550 524 4558; x_wconf 88' lang='grc'>...</span> <span class='ocrx_word' id='word_1_267' title='bbox 533 4547 629 4558; x_wconf 47' lang='lat' dir='ltr'>m..</span> <span class='ocrx_word' id='word_1_268' title='bbox 639 4549 660 4554; x_wconf 73' lang='lat'>.,</span> <span class='ocrx_word' id='word_1_269' title='bbox 706 4547 740 4554; x_wconf 47' lang='lat'>..⁴</span> <span class='ocrx_word' id='word_1_270' title='bbox 752 4547 779 4553; x_wconf 57' lang='lat'>,-</span> <span class='ocrx_word' id='word_1_271' title='bbox 813 4547 880 4554; x_wconf 85' lang='lat'>....-.</span> 
     </span>
    </p>
   </div>
   <div class='ocr_carea' id='block_1_4' title="bbox 0 0 1576 5166">
    <p class='ocr_par' dir='ltr' id='par_1_4' title="bbox 0 0 1576 5166">
     <span class='ocr_line' id='line_1_39' title="bbox 0 0 1576 5166; baseline 0 0"><span class='ocrx_word' id='word_1_272' title='bbox 0 0 1576 5166; x_wconf 95' lang='lat' dir='ltr'> </span> 
     </span>
    </p>
   </div>
  </div>
 </body>
</html>
