3136 5164
603 447 737 496 eenanrsr
757 445 786 496 u.
1199 447 1261 511 277

193 662 259 735 Aut,
282 670 315 724 ut
336 663 436 741 opima
457 662 544 741 adipe
566 670 597 724 et
619 663 732 724 mixtim
755 664 855 726 miuus
875 673 965 728 uncte
987 685 1043 748 per
1062 677 1144 730 artus

143 783 176 836 to
195 771 339 852 Corporis
361 771 450 833 unius
473 788 543 833 caro
565 771 685 845 diditur,
707 773 786 836 haud
809 790 897 835 secus
920 774 976 838 istc

191 881 226 942 ln
248 881 372 962 proprio
395 879 527 944 chorum
548 889 644 944 mutet
662 899 748 944 versa
771 882 834 945 vice
857 883 944 945 libro.

191 991 276 1065 Quae
298 989 373 1051 milri
395 989 475 1051 dicta
496 988 580 1069 prior
601 1008 707 1053 ccusss
731 1002 785 1064 est,
808 991 840 1053 in
861 992 943 1054 Solis
964 1004 1067 1076 aperta

190 1101 280 1162 Esset
300 1098 429 1170 delectu,
452 1117 520 1160 nam
543 1100 728 1163 translucere
750 1101 867 1163 rideres

190 1210 305 1272 Lumen
328 1217 360 1270 ut
381 1208 530 1286 ingestum
551 1209 618 1290 νοῇ,
642 1228 719 1290 quae
741 1228 868 1290 corpore
889 1229 957 1274 raro

142 1329 175 1382 75
192 1319 326 1381 Constet
368 1317 407 1378 llt
428 1317 458 1380 id
481 1336 542 1380 non
564 1320 606 1380 nt.
652 1321 752 1393 Quare
773 1320 943 1400 inspectare
964 1324 1126 1386 secundam

190 1429 246 1491 Est
267 1445 377 1509 operae
399 1427 538 1508 pretium.
582 1431 620 1490 te
641 1429 695 1490 tibi
717 1429 744 1491 si
766 1429 844 1492 dabo
866 1431 1000 1494 funditus
1022 1433 1110 1496 istaut

191 1539 343 1612 Euersam,
366 1547 437 1600 tuuc
459 1537 515 1599 ista
540 1546 607 1599 tuae
628 1539 777 1602 sententia
798 1539 908 1604 mentis

191 1648 280 1710 Falsa
303 1647 369 1710 erit
413 1648 479 1710 lioc
500 1665 601 1710 rarum
622 1647 648 1709 si
672 1648 753 1711 haud
773 1663 821 1712 est
841 1650 1036 1730 penetrabile,
1060 1660 1180 1733 oportet

192 1758 260 1820 Sint
282 1756 357 1820 certi
378 1759 464 1830 lines,
488 1775 564 1838 quos
587 1758 709 1820 tendere
730 1777 792 1820 non
814 1758 894 1821 sinat
917 1761 991 1822 ultra

141 1881 175 1934 tto
191 1868 264 1930 ilem
285 1866 344 1928 sibi
366 1875 557 1947 pugnantem,
579 1885 706 1946 seseque
727 1877 808 1930 retro
829 1868 899 1931 inde
921 1870 1061 1932 refundet

191 1977 320 2040 Alterius
338 1976 437 2059 jubar,
460 1987 493 2038 ut
513 1995 569 2058 pcr
590 1977 707 2050 viuum,
730 1977 782 2038 ulei
803 1978 921 2040 bractea
944 1978 1059 2058 plumbi

191 2086 313 2150 'lexerit
333 2087 405 2150 huic
426 2094 551 2166 tergum,
573 2085 671 2148 resilit
691 2087 783 2150 color.
826 2089 864 2150 st
884 2088 974 2150 morlo
997 2087 1089 2162 dices,

191 2197 247 2260 llic
268 2197 363 2276 mapa
385 2204 473 2276 atque
495 2195 567 2258 alibi
584 2196 675 2276 jubar
695 2215 840 2277 apparere
859 2205 1003 2272 retusum,

192 2307 280 2382 Quod
301 2305 329 2368 ri
351 2306 497 2388 rejectum
519 2305 614 2386 magis
636 2305 780 2368 interiore
801 2306 938 2368 recessit.

142 2427 175 2480 tto
192 2417 278 2479 liunc
301 2415 353 2478 n'bi
376 2415 513 2497 poscenti
536 2415 854 2497 nodum-‘esperientia
877 2417 981 2490 solvet,

192 2527 225 2589 si
247 2527 325 2588 iorte
347 2525 425 2588 hano
444 2533 554 2599 tentes,
578 2543 655 2606 quse
675 2535 803 2599 vestroe,
826 2525 918 2588 tontis
940 2527 977 2589 ad
1001 2527 1105 2601 instar,

191 2637 247 2700 nac
267 2635 347 2698 rivos
370 2637 453 2698 artis.
497 2635 693 2716 speculorum
706 2635 828 2697 ¹lumina
850 2635 921 2698 ltina

190 2745 310 2828 Accipe,
333 2753 364 2808 et
383 2745 432 2808 hie
454 2745 571 2808 medius
594 2746 641 2808 la'c
663 2745 764 2808 sistas.
807 2747 890 2808 luter
911 2755 1069 2827 utrumque

190 2857 274 2920 Pone
295 2856 376 2919 aliud
398 2855 563 2936 speculum,
586 2855 665 2936 quod
688 2855 781 2918 distet
800 2854 918 2934 longius
941 2874 957 2918 a
981 2865 1019 2931 te,

141 2984 175 3038 eo
190 2965 384 3046 invenietque
404 2974 473 3028 tuos
496 2967 609 3028 oculos.
653 2965 822 3027 Conversus
844 2965 881 3026 ad
904 2963 954 3026 illa

189 3077 250 3138 Fac
272 3074 327 3137 tibi
348 3084 419 3156 post
439 3084 555 3156 tergum
576 3083 636 3137 stet
655 3074 752 3138 vivida
775 3077 893 3137 llemrna
914 3073 1063 3147 lucernae,

191 3186 274 3260 Quae
297 3184 404 3267 triplex
424 3185 533 3248 vitrum
554 3185 744 3266 speculorum
767 3184 919 3257 accendat,
942 3191 973 3246 et
993 3183 1060 3265 ipse

189 3294 234 3358 Ad
252 3303 283 3357 tc
304 3313 338 3358 se
360 3297 471 3358 reserat
491 3295 603 3378 rejecta
622 3295 691 3356 vitri
713 3293 811 3376 objice
834 3293 923 3356 trino.

191 3405 470 3485 Quantulacumque
492 3405 562 3466 licet
584 3403 757 3468 discrimina
779 3421 903 3466 cernere
924 3401 1001 3465 lucis

141 3531 173 3584 ee
190 3514 258 3577 Non
281 3514 482 3596 sistuanus,
504 3514 597 3577 iacies
619 3522 709 3595 prout
729 3513 845 3593 singula
867 3513 936 3575 vitri

188 3626 266 3688 lltc
288 3623 429 3687 dissimili
449 3623 549 3705 posita
572 3633 620 3686 est
639 3623 742 3705 procul
766 3624 932 3696 interuallo,

190 3735 313 3810 Cernes,
335 3743 369 3797 ul
389 3735 512 3816 speculo
533 3733 606 3796 lruio
626 3749 721 3814 ecque
743 3733 902 3814 splendere
923 3749 1049 3794 necesse
1072 3741 1128 3794 est.

188 3843 275 3906 Nunc
296 3853 339 3919 ut,
357 3861 433 3926 qnae
454 3842 574 3906 nivibus
596 3844 731 3914 subsunt.
754 3843 819 3905 sole
840 3843 900 3904 icta
921 3851 1055 3924 repente,

188 3953 363 4034 Exspoliats
384 3954 487 4017 colore
508 3961 638 4028 manent,
660 3962 692 4017 et
712 3953 823 4032 frigore
845 3953 959 4034 μήπως

125 4077 173 4130 lto
189 4064 251 4138 Sic,
273 4063 332 4126 hac
352 4071 452 4127 mente
473 4063 529 4128 tibi
551 4073 649 4136 exuta,
670 4071 731 4125 stat
748 4077 832 4126 'certa
854 4065 991 4126 voluntas

188 4173 356 4237 lulormate
378 4175 455 4238 adeo
477 4172 571 4236 vivaci
592 4173 715 4248 lumine,
738 4183 779 4247 ut,
803 4173 833 4235 in
856 4182 886 4236 te

187 4283 265 4346 illud
287 4282 339 4346 uhi
361 4283 505 4358 incurret,
527 4283 617 4365 pleno
640 4283 755 4362 fulgore
777 4290 924 4345 coruscet.

188 4391 319 4456 includit
340 4393 457 4457 coelum
478 4393 578 4457 divina
600 4411 674 4476 pace
696 4392 829 4474 quietum

70 4444 684 4606 L—
