3136 5164
298 396 360 460 230
729 399 910 452 Pututtoufl
928 397 1004 454 xxiv.
1065 441 1068 448 .

365 615 446 678 Haec
468 601 553 696 quasi
575 623 731 680 contentus
753 617 891 698 tectoque
912 617 961 679 hie
983 618 1042 680 tine
1064 615 1184 698 quievit

406 726 444 787 Ut
465 744 559 805 genus
581 726 702 788 alituum
724 735 847 808 propter
867 725 927 789 Nili
948 746 1002 788 ora
1023 727 1158 790 sonantis

314 847 348 899 uu
365 833 542 908 Hibernium,
567 855 641 897 sese
656 836 805 898 interdum
827 836 916 898 simui
938 837 1056 916 agmine
1078 837 1177 918 stipat,

365 942 478 1005 Deinde
500 944 594 1022 magis
615 963 743 1026 propere
765 945 861 1008 nubes
882 944 972 1022 longo
994 945 1098 1008 ordine
1120 955 1233 1010 tranet:

366 1052 425 1118 Sic.
449 1071 524 1132 quae
546 1071 621 1132 geue
643 1055 755 1129 aderat,
777 1074 864 1117 versu
886 1053 1098 1134 properantius
1121 1055 1182 1118 ibat

365 1161 399 1224 iu
420 1181 468 1224 me
491 1182 551 1236 ure,
575 1162 614 1224 ob
636 1166 762 1226 maciem
783 1164 971 1243 studiumque
992 1163 1142 1227 levissime
1166 1183 1267 1229 cmsu.

365 1271 461 1351 thue
482 1273 528 1334 vir
549 1272 680 1336 amulio
703 1288 848 1336 suuuussu
870 1273 978 1347 lassus,
1002 1273 1085 1338 ubire

315 1393 348 1446 65
365 1383 436 1444 Fert
456 1383 573 1463 patiens
595 1383 729 1457 uomitus,
747 1383 810 1463 jum
832 1383 922 1446 lentis
945 1383 1084 1463 passibus
1106 1403 1189 1456 usus,

365 1492 469 1555 Donec
491 1511 524 1554 su
547 1493 678 1554 effundat
698 1502 805 1572 peetus
828 1493 986 1574 quatientis
1010 1492 1149 1554 anhelum

366 1602 417 1663 Vis
439 1601 535 1663 follis:
559 1600 604 1664 sie
627 1611 674 1664 est
694 1622 804 1682 passus
825 1602 953 1664 transire
975 1602 1113 1664 Foussus

367 1712 508 1774 Sanctum
530 1727 652 1790 agatem
670 1729 773 1774 vemm
795 1711 844 1774 ille
866 1719 946 1774 retro
969 1719 1040 1791 post
1060 1719 1144 1804 terga
1165 1723 1302 1776 secutus:

368 1820 494 1894 Quando
517 1821 582 1893 erit,
604 1830 638 1882 ut
658 1839 763 1884 rursus
784 1839 901 1884 mecum
922 1830 973 1884 tua
994 1839 1083 1882 sensa
1104 1821 1275 1901 loquentem

1476 920 1479 961 ι

1477 1720 1481 1761 ι
1561 1757 1562 1760 ,

316 1937 350 1988 70
367 1930 411 1992 Te
432 1929 556 2003 videam,
578 1927 699 2010 ajebat?
718 1965 762 1978 -
783 1931 908 1992 Scitanti
930 1948 985 2008 ego
1009 1929 1077 1992 talis
1099 1939 1217 1992 contra:

368 2038 446 2113 Quid
469 2035 543 2100 mihi
566 2040 662 2102 adhue
684 2041 911 2123 superenituit,
933 2039 1020 2102 humi
1035 2046 1082 2101 est
1102 2041 1181 2104 scire
1201 2049 1354 2121 potentum

368 2149 428 2212 Sed
450 2149 523 2210 mihi
545 2157 604 2211 tam
625 2151 685 2213 cito
707 2169 768 2212 uon
791 2148 967 2212 inmitium
988 2150 1019 2211 iu
1042 2149 1098 2212 istu
1119 2153 1235 2226 reveni,

369 2259 449 2333 Quin
470 2259 554 2340 prius
577 2259 612 2321 ad
635 2260 717 2339 ripas
738 2279 786 2323 me
808 2259 935 2322 adducat
951 2259 1033 2340 justu
1055 2259 1174 2340 cupido.

367 2369 443 2430 Num
463 2369 559 2448 magis
582 2369 672 2449 inque
693 2370 769 2442 dies,
792 2386 881 2449 quam
903 2386 970 2430 sum
993 2367 1117 2431 sortitus
1138 2370 1305 2436 habendum

1483 3846 1486 3904 Ι

318 2495 352 2550 75
368 2479 427 2541 Pro
449 2479 556 2558 patria,
579 2479 666 2540 tellus
689 2499 723 2541 se
744 2479 846 2558 quavis
867 2478 937 2540 dote
957 2477 1106 2540 bonorum

367 2586 474 2662 Nudat,
497 2597 527 2650 et
548 2588 696 2651 excidium
717 2590 775 2651 sibi
796 2588 880 2650 triste
901 2603 1008 2666 perure
1028 2588 1155 2652 videtur.

411 2697 496 2759 Nunc
518 2697 537 2770 i,
561 2699 732 2777 respondit3
755 2716 882 2778 namque
903 2715 1008 2758 ausum
1028 2698 1114 2777 plum
1136 2699 1274 2774 nefanda,
1300 2751 1304 2760 .

369 2807 407 2868 Et
427 2805 522 2884 magis
544 2805 683 2869 infamem
705 2807 778 2870 mihi
801 2807 894 2869 cauda
915 2814 961 2868 est
982 2824 1105 2869 cernere
1127 2809 1236 2888 equina
1263 2879 1265 2884 ,

369 2916 525 2995 Raptatum
547 2916 584 2977 sd
605 2915 706 2989 iulius,
728 2916 779 2978 ubi
801 2934 862 2978 uon
885 2924 931 2978 est
953 2916 1038 2996 eopia
1061 2917 1166 2998 eulpae

310 3029 355 3086 '80
370 3025 506 3104 Unquam
527 3024 688 3101 delendam
710 3044 778 3087 num
800 3044 859 3105 quo
881 3026 950 3105 plus
970 3025 1070 3090 beiluu
1092 3047 1200 3108 puseus

370 3135 543 3214 ingeminat,
565 3143 646 3198 tanto
666 3134 799 3198 velocius
820 3135 911 3198 incita
934 3137 1035 3210 turtur,

369 3245 473 3308 Donec
492 3263 561 3307 eum
584 3246 680 3307 caedit
701 3263 872 3325 corpusque
893 3263 1043 3326 exsangue
1063 3247 1204 3329 mlinquit

371 3355 545 3434 Disruptum
566 3355 664 3418 foede.
706 3355 774 3416 Nou
796 3354 897 3417 multis
919 3356 1043 3418 urbibus
1064 3356 1114 3419 illu

370 3463 532 3528 volventur
552 3466 734 3544 (vultumque
756 3466 918 3546 oculusque
940 3466 979 3528 ud
1001 3466 1099 3529 sidera
1121 3469 1228 3546 vertit),

320 3577 354 3634 85
373 3573 447 3636 Cum
467 3573 623 3636 manifesta
644 3573 699 3636 tihi
719 3575 846 3648 venient,
869 3593 946 3654 quse
967 3576 1095 3656 plurima
1117 3578 1173 3640 ieri

372 3681 457 3745 Nunc
478 3691 572 3745 vetor.
603 3683 642 3745 tt
662 3702 802 3760 maneum
823 3703 893 3748 nam
914 3703 1021 3765 magno
1043 3687 1094 3748 hic
1114 3695 1249 3768 tempora
1270 3699 1417 3762 consuat

373 3793 476 3866 Quaec
498 3793 587 3856 nimis
609 3793 737 3866 insumo,
760 3795 831 3857 dum
853 3796 898 3857 siu
918 3794 1008 3857 simul
1028 3795 1072 3858 ire
1094 3797 1205 3876 cupide
1226 3808 1282 3860 est

392 3923 397 3940 ·
416 3901 520 3974 Qualis
542 3921 636 3982 eques
657 3904 757 3966 socios
777 3905 944 3985 equitantes
965 3915 1108 3987 praepete
1130 3925 1219 3970 utu-su

372 4011 543 4086 Pruevmtit,
565 4013 755 4093 primumque
775 3995 861 4093 petit,
884 4016 1003 4078 stimulo
1026 4025 1109 4078 ustus
1130 4017 1264 4090 hunonis,

322 4129 356 4181 9⁰
372 4121 546 4182 Certamen:
570 4121 637 4184 tuiis
658 4120 751 4184 multo
773 4123 936 4204 majoribus
958 4125 1010 4187 ille

372 4228 504 4293 Saltibus
526 4231 662 4292 exeessit
706 4231 757 4294 sic
777 4232 858 4297 inter
878 4243 1035 4316 utrumque
1056 4245 1183 4318 poetam,

373 4339 456 4413 Quos
478 4347 538 4402 totu
561 4341 686 4403 eximius
707 4344 840 4422 suspexit
861 4354 939 4407 terra
960 4347 1128 4426 magistros,

876 4498 1490 4562 ——.-...i
