<?xml version="1.0" encoding="UTF-8"?>
<!DOCTYPE html PUBLIC "-//W3C//DTD XHTML 1.0 Transitional//EN"
    "http://www.w3.org/TR/xhtml1/DTD/xhtml1-transitional.dtd">
<html xmlns="http://www.w3.org/1999/xhtml" xml:lang="en" lang="en">
 <head>
  <title>
</title>
<meta http-equiv="Content-Type" content="text/html;charset=utf-8" />
  <meta name='ocr-system' content='tesseract 3.04.00' />
  <meta name='ocr-capabilities' content='ocr_page ocr_carea ocr_par ocr_line ocrx_word'/>
</head>
<body>
  <div class='ocr_page' id='page_1' title='image "./divinacomoedia00piazgoog_0312.png"; bbox 0 0 3136 5164; ppageno 0'>
   <div class='ocr_carea' id='block_1_1' title="bbox 577 361 856 414">
    <p class='ocr_par' dir='ltr' id='par_1_1' title="bbox 577 361 856 414">
     <span class='ocr_line' id='line_1_1' title="bbox 577 361 856 414; baseline 0.007 -2"><span class='ocrx_word' id='word_1_1' title='bbox 577 361 760 414; x_wconf 72' lang='lat' dir='ltr'><strong>runottoutt</strong></span> <span class='ocrx_word' id='word_1_2' title='bbox 780 363 856 414; x_wconf 76' lang='lat' dir='ltr'><strong>tuti.</strong></span> 
     </span>
    </p>
   </div>
   <div class='ocr_carea' id='block_1_2' title="bbox 145 579 1178 2194">
    <p class='ocr_par' dir='ltr' id='par_1_2' title="bbox 215 579 1149 773">
     <span class='ocr_line' id='line_1_2' title="bbox 215 579 1149 660; baseline 0.006 -20"><span class='ocrx_word' id='word_1_3' title='bbox 215 579 282 642; x_wconf 84' lang='lat' dir='ltr'><strong>lam</strong></span> <span class='ocrx_word' id='word_1_4' title='bbox 304 597 397 660; x_wconf 89' lang='lat' dir='ltr'><strong>super</strong></span> <span class='ocrx_word' id='word_1_5' title='bbox 417 597 495 642; x_wconf 84' lang='lat' dir='ltr'><strong>unus</strong></span> <span class='ocrx_word' id='word_1_6' title='bbox 518 597 609 640; x_wconf 82' lang='lat' dir='ltr'><strong>erem.</strong></span> <span class='ocrx_word' id='word_1_7' title='bbox 652 583 707 640; x_wconf 80' lang='lat' dir='ltr'><strong>Ast</strong></span> <span class='ocrx_word' id='word_1_8' title='bbox 727 579 778 642; x_wconf 93' lang='lat' dir='ltr'><strong>ubi</strong></span> <span class='ocrx_word' id='word_1_9' title='bbox 799 587 902 643; x_wconf 90' lang='lat' dir='ltr'><strong>nostra</strong></span> <span class='ocrx_word' id='word_1_10' title='bbox 925 591 1060 646; x_wconf 81' lang='lat' dir='ltr'><strong>eraserat</strong></span> <span class='ocrx_word' id='word_1_11' title='bbox 1080 593 1149 646; x_wconf 85' lang='lat' dir='ltr'><strong>onte</strong></span> 
     </span>
     <span class='ocr_line' id='line_1_3' title="bbox 217 687 1073 773; baseline 0.004 -22"><span class='ocrx_word' id='word_1_12' title='bbox 217 688 277 751; x_wconf 87' lang='lat' dir='ltr'><strong>Ora</strong></span> <span class='ocrx_word' id='word_1_13' title='bbox 299 689 350 763; x_wconf 77' lang='lat' dir='ltr'><strong>ita,</strong></span> <span class='ocrx_word' id='word_1_14' title='bbox 373 698 407 751; x_wconf 94' lang='lat' dir='ltr'><strong>ut</strong></span> <span class='ocrx_word' id='word_1_15' title='bbox 426 690 507 752; x_wconf 89' lang='lat' dir='ltr'><strong>hunc</strong></span> <span class='ocrx_word' id='word_1_16' title='bbox 529 687 608 751; x_wconf 89' lang='lat' dir='ltr'><strong>oculi</strong></span> <span class='ocrx_word' id='word_1_17' title='bbox 630 697 755 769; x_wconf 79' lang='lat' dir='ltr'>possent</span> <span class='ocrx_word' id='word_1_18' title='bbox 775 702 896 769; x_wconf 84' lang='lat' dir='ltr'><strong>captore</strong></span> <span class='ocrx_word' id='word_1_19' title='bbox 918 711 1073 773; x_wconf 88' lang='lat' dir='ltr'><strong>sequaces,</strong></span> 
     </span>
    </p>

    <p class='ocr_par' dir='ltr' id='par_1_3' title="bbox 166 798 1178 1316">
     <span class='ocr_line' id='line_1_4' title="bbox 166 798 1086 878; baseline 0.003 -15"><span class='ocrx_word' id='word_1_20' title='bbox 166 800 360 864; x_wconf 70' lang='lat' dir='ltr'><strong>sturmen</strong></span> <span class='ocrx_word' id='word_1_21' title='bbox 381 798 471 860; x_wconf 83' lang='lat' dir='ltr'><strong>verbe</strong></span> <span class='ocrx_word' id='word_1_22' title='bbox 493 799 588 878; x_wconf 84' lang='lat' dir='ltr'><strong>prins,</strong></span> <span class='ocrx_word' id='word_1_23' title='bbox 610 798 749 876; x_wconf 87' lang='lat' dir='ltr'><strong>gravidos</strong></span> <span class='ocrx_word' id='word_1_24' title='bbox 771 817 839 860; x_wconf 89' lang='lat' dir='ltr'><strong>cum</strong></span> <span class='ocrx_word' id='word_1_25' title='bbox 861 819 983 862; x_wconf 86' lang='lat' dir='ltr'><strong>cernere</strong></span> <span class='ocrx_word' id='word_1_26' title='bbox 1005 805 1086 866; x_wconf 83' lang='lat' dir='ltr'><strong>visus</strong></span> 
     </span>
     <span class='ocr_line' id='line_1_5' title="bbox 213 907 900 988; baseline 0.001 -18"><span class='ocrx_word' id='word_1_27' title='bbox 213 908 343 970; x_wconf 77' lang='lat' dir='ltr'><strong>Alterius</strong></span> <span class='ocrx_word' id='word_1_28' title='bbox 365 907 448 988; x_wconf 85' lang='lat' dir='ltr'><strong>pomi</strong></span> <span class='ocrx_word' id='word_1_29' title='bbox 470 927 580 980; x_wconf 86' lang='lat' dir='ltr'><strong>ramos,</strong></span> <span class='ocrx_word' id='word_1_30' title='bbox 601 907 768 987; x_wconf 87' lang='lat' dir='ltr'><strong>plenosque</strong></span> <span class='ocrx_word' id='word_1_31' title='bbox 788 909 900 987; x_wconf 84' lang='lat' dir='ltr'><strong>vigoris</strong></span> 
     </span>
     <span class='ocr_line' id='line_1_6' title="bbox 215 1016 1178 1100; baseline 0.006 -20"><span class='ocrx_word' id='word_1_32' title='bbox 215 1020 299 1092; x_wconf 82' lang='lat' dir='ltr'><strong>Quae</strong></span> <span class='ocrx_word' id='word_1_33' title='bbox 321 1037 382 1080; x_wconf 88' lang='lat' dir='ltr'><strong>non</strong></span> <span class='ocrx_word' id='word_1_34' title='bbox 404 1016 494 1098; x_wconf 88' lang='lat' dir='ltr'><strong>longe</strong></span> <span class='ocrx_word' id='word_1_35' title='bbox 515 1017 625 1092; x_wconf 73' lang='lat' dir='ltr'><strong>aberet,</strong></span> <span class='ocrx_word' id='word_1_36' title='bbox 648 1036 716 1080; x_wconf 87' lang='lat' dir='ltr'><strong>nam</strong></span> <span class='ocrx_word' id='word_1_37' title='bbox 733 1025 808 1080; x_wconf 94' lang='lat' dir='ltr'><strong>tunc</strong></span> <span class='ocrx_word' id='word_1_38' title='bbox 829 1019 920 1080; x_wconf 89' lang='lat' dir='ltr'><strong>modo</strong></span> <span class='ocrx_word' id='word_1_39' title='bbox 941 1021 1086 1100; x_wconf 87' lang='lat' dir='ltr'><strong>temporis</strong></span> <span class='ocrx_word' id='word_1_40' title='bbox 1109 1023 1178 1088; x_wconf 90' lang='lat' dir='ltr'><strong>illuc</strong></span> 
     </span>
     <span class='ocr_line' id='line_1_7' title="bbox 212 1126 1093 1210; baseline 0.002 -20"><span class='ocrx_word' id='word_1_41' title='bbox 212 1127 340 1190; x_wconf 87' lang='lat' dir='ltr'><strong>Lumina</strong></span> <span class='ocrx_word' id='word_1_42' title='bbox 361 1127 579 1190; x_wconf 66' lang='lat' dir='ltr'><strong>transtuleram.</strong></span> <span class='ocrx_word' id='word_1_43' title='bbox 620 1126 767 1206; x_wconf 80' lang='lat' dir='ltr'><strong>Prospexi</strong></span> <span class='ocrx_word' id='word_1_44' title='bbox 787 1135 928 1207; x_wconf 84' lang='lat' dir='ltr'><strong>utrosque</strong></span> <span class='ocrx_word' id='word_1_45' title='bbox 950 1129 1036 1192; x_wconf 91' lang='lat' dir='ltr'><strong>sub</strong></span> <span class='ocrx_word' id='word_1_46' title='bbox 1028 1149 1093 1210; x_wconf 84' lang='lat' dir='ltr'><strong>rpso</strong></span> 
     </span>
     <span class='ocr_line' id='line_1_8' title="bbox 213 1229 1095 1316; baseline 0.005 -18"><span class='ocrx_word' id='word_1_47' title='bbox 213 1237 381 1299; x_wconf 84' lang='lat' dir='ltr'><strong>Tollentem</strong></span> <span class='ocrx_word' id='word_1_48' title='bbox 401 1237 516 1316; x_wconf 79' lang='lat' dir='ltr'><strong>palmos</strong></span> <span class='ocrx_word' id='word_1_49' title='bbox 537 1234 691 1316; x_wconf 90' lang='lat' dir='ltr'><strong>populum,</strong></span> <span class='ocrx_word' id='word_1_50' title='bbox 713 1236 822 1315; x_wconf 90' lang='lat' dir='ltr'><strong>cupido</strong></span> <span class='ocrx_word' id='word_1_51' title='bbox 843 1255 897 1300; x_wconf 88' lang='lat' dir='ltr'><strong>ore</strong></span> <span class='ocrx_word' id='word_1_52' title='bbox 920 1229 1095 1302; x_wconf 77' lang='lat' dir='ltr'><strong>trementem</strong></span> 
     </span>
    </p>

    <p class='ocr_par' dir='ltr' id='par_1_4' title="bbox 149 1345 1056 1864">
     <span class='ocr_line' id='line_1_9' title="bbox 149 1345 1013 1431; baseline 0.005 -25"><span class='ocrx_word' id='word_1_53' title='bbox 149 1354 196 1408; x_wconf 83' lang='grc' dir='ltr'><strong>ιιι</strong></span> <span class='ocrx_word' id='word_1_54' title='bbox 211 1347 322 1418; x_wconf 79' lang='lat' dir='ltr'><strong>Nescio</strong></span> <span class='ocrx_word' id='word_1_55' title='bbox 345 1345 417 1426; x_wconf 88' lang='lat' dir='ltr'><strong>quid</strong></span> <span class='ocrx_word' id='word_1_56' title='bbox 438 1345 561 1407; x_wconf 79' lang='lat' dir='ltr'><strong>frondes</strong></span> <span class='ocrx_word' id='word_1_57' title='bbox 583 1345 735 1418; x_wconf 85' lang='lat' dir='ltr'><strong>adversus,</strong></span> <span class='ocrx_word' id='word_1_58' title='bbox 759 1364 842 1408; x_wconf 87' lang='lat' dir='ltr'><strong>more</strong></span> <span class='ocrx_word' id='word_1_59' title='bbox 862 1347 1013 1431; x_wconf 80' lang='lat' dir='ltr'><strong>modoque</strong></span> 
     </span>
     <span class='ocr_line' id='line_1_10' title="bbox 211 1453 842 1528; baseline -0.003 -10"><span class='ocrx_word' id='word_1_60' title='bbox 211 1457 361 1520; x_wconf 82' lang='lat' dir='ltr'><strong>lnlanttun</strong></span> <span class='ocrx_word' id='word_1_61' title='bbox 383 1454 534 1518; x_wconf 80' lang='lat' dir='ltr'><strong>desiderio</strong></span> <span class='ocrx_word' id='word_1_62' title='bbox 556 1453 761 1517; x_wconf 90' lang='lat' dir='ltr'><strong>luctantium</strong></span> <span class='ocrx_word' id='word_1_63' title='bbox 753 1455 842 1528; x_wconf 76' lang='lat' dir='ltr'><strong>inani,</strong></span> 
     </span>
     <span class='ocr_line' id='line_1_11' title="bbox 212 1563 1065 1645; baseline 0.001 -17"><span class='ocrx_word' id='word_1_64' title='bbox 212 1566 272 1640; x_wconf 81' lang='lat' dir='ltr'><strong>Qui</strong></span> <span class='ocrx_word' id='word_1_65' title='bbox 294 1564 431 1644; x_wconf 74' lang='lat' dir='ltr'><strong>rogitant,</strong></span> <span class='ocrx_word' id='word_1_66' title='bbox 454 1573 485 1627; x_wconf 91' lang='lat' dir='ltr'><strong>et</strong></span> <span class='ocrx_word' id='word_1_67' title='bbox 506 1563 593 1643; x_wconf 82' lang='lat' dir='ltr'>queis</span> <span class='ocrx_word' id='word_1_68' title='bbox 615 1583 675 1625; x_wconf 94' lang='lat' dir='ltr'><strong>non</strong></span> <span class='ocrx_word' id='word_1_69' title='bbox 696 1564 747 1625; x_wconf 91' lang='lat' dir='ltr'><strong>dat</strong></span> <span class='ocrx_word' id='word_1_70' title='bbox 767 1583 913 1645; x_wconf 86' lang='lat' dir='ltr'><strong>responsa</strong></span> <span class='ocrx_word' id='word_1_71' title='bbox 934 1574 1065 1643; x_wconf 86' lang='lat' dir='ltr'><strong>rogatus,</strong></span> 
     </span>
     <span class='ocr_line' id='line_1_12' title="bbox 210 1673 1036 1756; baseline 0 -18"><span class='ocrx_word' id='word_1_72' title='bbox 210 1675 339 1755; x_wconf 83' lang='lat' dir='ltr'><strong>Quoque</strong></span> <span class='ocrx_word' id='word_1_73' title='bbox 359 1674 456 1752; x_wconf 87' lang='lat' dir='ltr'><strong>magis</strong></span> <span class='ocrx_word' id='word_1_74' title='bbox 478 1673 607 1736; x_wconf 87' lang='lat' dir='ltr'><strong>stimulis</strong></span> <span class='ocrx_word' id='word_1_75' title='bbox 629 1673 778 1736; x_wconf 79' lang='lat' dir='ltr'><strong>inhiantes</strong></span> <span class='ocrx_word' id='word_1_76' title='bbox 799 1683 911 1756; x_wconf 86' lang='lat' dir='ltr'><strong>pungat</strong></span> <span class='ocrx_word' id='word_1_77' title='bbox 932 1677 1036 1750; x_wconf 90' lang='lat' dir='ltr'><strong>acutis,</strong></span> 
     </span>
     <span class='ocr_line' id='line_1_13' title="bbox 209 1783 995 1864; baseline 0 -17"><span class='ocrx_word' id='word_1_78' title='bbox 209 1784 277 1847; x_wconf 79' lang='lat' dir='ltr'><strong>tlte</strong></span> <span class='ocrx_word' id='word_1_79' title='bbox 299 1801 480 1864; x_wconf 89' lang='lat' dir='ltr'><strong>suspensum</strong></span> <span class='ocrx_word' id='word_1_80' title='bbox 502 1791 596 1844; x_wconf 84' lang='lat' dir='ltr'><strong>certat</strong></span> <span class='ocrx_word' id='word_1_81' title='bbox 616 1783 755 1858; x_wconf 86' lang='lat' dir='ltr'><strong>retinere,</strong></span> <span class='ocrx_word' id='word_1_82' title='bbox 779 1783 859 1863; x_wconf 90' lang='lat' dir='ltr'><strong>quod</strong></span> <span class='ocrx_word' id='word_1_83' title='bbox 881 1793 995 1864; x_wconf 91' lang='lat' dir='ltr'><strong>optant,</strong></span> 
     </span>
    </p>

    <p class='ocr_par' dir='ltr' id='par_1_5' title="bbox 145 1892 1134 2194">
     <span class='ocr_line' id='line_1_14' title="bbox 145 1892 1076 1968; baseline 0.001 -12"><span class='ocrx_word' id='word_1_84' title='bbox 145 1911 192 1964; x_wconf 66' lang='lat' dir='ltr'><strong>rot</strong></span> <span class='ocrx_word' id='word_1_85' title='bbox 208 1895 271 1957; x_wconf 88' lang='lat' dir='ltr'><strong>Nec</strong></span> <span class='ocrx_word' id='word_1_86' title='bbox 294 1903 392 1956; x_wconf 87' lang='lat' dir='ltr'><strong>tamen</strong></span> <span class='ocrx_word' id='word_1_87' title='bbox 413 1892 579 1956; x_wconf 79' lang='lat' dir='ltr'><strong>abscondit.</strong></span> <span class='ocrx_word' id='word_1_88' title='bbox 623 1892 698 1955; x_wconf 85' lang='lat' dir='ltr'><strong>llein</strong></span> <span class='ocrx_word' id='word_1_89' title='bbox 721 1900 782 1956; x_wconf 88' lang='lat' dir='ltr'><strong>tota</strong></span> <span class='ocrx_word' id='word_1_90' title='bbox 803 1902 920 1956; x_wconf 89' lang='lat' dir='ltr'><strong>caterva</strong></span> <span class='ocrx_word' id='word_1_91' title='bbox 941 1895 1076 1968; x_wconf 74' lang='lat' dir='ltr'><strong>sesessit,</strong></span> 
     </span>
     <span class='ocr_line' id='line_1_15' title="bbox 209 2002 1119 2086; baseline -0.002 -18"><span class='ocrx_word' id='word_1_92' title='bbox 209 2005 248 2068; x_wconf 85' lang='lat' dir='ltr'><strong>lit</strong></span> <span class='ocrx_word' id='word_1_93' title='bbox 268 2021 344 2084; x_wconf 86' lang='lat' dir='ltr'><strong>quoe</strong></span> <span class='ocrx_word' id='word_1_94' title='bbox 367 2003 441 2065; x_wconf 82' lang='lat' dir='ltr'><strong>laiso</strong></span> <span class='ocrx_word' id='word_1_95' title='bbox 462 2002 554 2066; x_wconf 87' lang='lat' dir='ltr'><strong>animi</strong></span> <span class='ocrx_word' id='word_1_96' title='bbox 576 2011 638 2076; x_wconf 86' lang='lat' dir='ltr'><strong>est;</strong></span> <span class='ocrx_word' id='word_1_97' title='bbox 661 2011 693 2065; x_wconf 88' lang='lat' dir='ltr'><strong>et</strong></span> <span class='ocrx_word' id='word_1_98' title='bbox 712 2021 768 2064; x_wconf 88' lang='lat' dir='ltr'><strong>nos</strong></span> <span class='ocrx_word' id='word_1_99' title='bbox 791 2002 963 2066; x_wconf 82' lang='lat' dir='ltr'><strong>devenimus</strong></span> <span class='ocrx_word' id='word_1_100' title='bbox 985 2003 1066 2066; x_wconf 87' lang='lat' dir='ltr'><strong>illam</strong></span> <span class='ocrx_word' id='word_1_101' title='bbox 1117 2078 1119 2086; x_wconf 33' lang='grc' dir='ltr'>Ι</span> 
     </span>
     <span class='ocr_line' id='line_1_16' title="bbox 208 2105 1143 2194; baseline -0.001 -17"><span class='ocrx_word' id='word_1_102' title='bbox 208 2113 271 2177; x_wconf 85' lang='lat' dir='ltr'><strong>Sub</strong></span> <span class='ocrx_word' id='word_1_103' title='bbox 294 2113 433 2193; x_wconf 88' lang='lat' dir='ltr'><strong>plantam,</strong></span> <span class='ocrx_word' id='word_1_104' title='bbox 456 2131 533 2192; x_wconf 85' lang='lat' dir='ltr'><strong>qnae</strong></span> <span class='ocrx_word' id='word_1_105' title='bbox 555 2120 600 2174; x_wconf 88' lang='lat' dir='ltr'><strong>tot</strong></span> <span class='ocrx_word' id='word_1_106' title='bbox 619 2112 816 2191; x_wconf 76' lang='lat' dir='ltr'><strong>lacrimasque</strong></span> <span class='ocrx_word' id='word_1_107' title='bbox 837 2130 1003 2194; x_wconf 85' lang='lat' dir='ltr'><strong>precesque</strong></span> <span class='ocrx_word' id='word_1_108' title='bbox 1025 2105 1143 2178; x_wconf 78' lang='lat' dir='ltr'><strong>refutat.</strong></span> 
     </span>
    </p>
   </div>
   <div class='ocr_carea' id='block_1_3' title="bbox 206 2215 1180 2300">
    <p class='ocr_par' dir='ltr' id='par_1_6' title="bbox 206 2215 1180 2300">
     <span class='ocr_line' id='line_1_17' title="bbox 206 2215 1180 2300; baseline -0.003 -13"><span class='ocrx_word' id='word_1_109' title='bbox 206 2225 296 2287; x_wconf 84' lang='lat' dir='ltr'><strong>Ferte</strong></span> <span class='ocrx_word' id='word_1_110' title='bbox 316 2223 440 2300; x_wconf 79' lang='lat' dir='ltr'><strong>gradum</strong></span> <span class='ocrx_word' id='word_1_111' title='bbox 461 2222 597 2294; x_wconf 88' lang='lat' dir='ltr'><strong>ulterius,</strong></span> <span class='ocrx_word' id='word_1_112' title='bbox 619 2240 693 2283; x_wconf 87' lang='lat' dir='ltr'><strong>nere</strong></span> <span class='ocrx_word' id='word_1_113' title='bbox 715 2220 765 2284; x_wconf 88' lang='lat' dir='ltr'><strong>isti</strong></span> <span class='ocrx_word' id='word_1_114' title='bbox 786 2220 921 2284; x_wconf 80' lang='lat' dir='ltr'><strong>accedite</strong></span> <span class='ocrx_word' id='word_1_115' title='bbox 941 2222 1075 2300; x_wconf 78' lang='lat' dir='ltr'><strong>plantae3</strong></span> <span class='ocrx_word' id='word_1_116' title='bbox 1177 2215 1180 2220; x_wconf 66' lang='grc'>’</span> 
     </span>
    </p>
   </div>
   <div class='ocr_carea' id='block_1_4' title="bbox 144 2329 1153 2962">
    <p class='ocr_par' dir='ltr' id='par_1_7' title="bbox 144 2329 1153 2962">
     <span class='ocr_line' id='line_1_18' title="bbox 205 2329 1153 2413; baseline -0.003 -16"><span class='ocrx_word' id='word_1_117' title='bbox 205 2333 335 2413; x_wconf 82' lang='lat' dir='ltr'><strong>Lignum</strong></span> <span class='ocrx_word' id='word_1_118' title='bbox 357 2341 405 2394; x_wconf 90' lang='lat' dir='ltr'><strong>est</strong></span> <span class='ocrx_word' id='word_1_119' title='bbox 424 2330 497 2394; x_wconf 92' lang='lat' dir='ltr'><strong>binc</strong></span> <span class='ocrx_word' id='word_1_120' title='bbox 518 2349 617 2412; x_wconf 83' lang='lat' dir='ltr'><strong>supra,</strong></span> <span class='ocrx_word' id='word_1_121' title='bbox 641 2329 720 2412; x_wconf 88' lang='lat' dir='ltr'><strong>quod</strong></span> <span class='ocrx_word' id='word_1_122' title='bbox 742 2330 882 2394; x_wconf 89' lang='lat' dir='ltr'><strong>dentibus</strong></span> <span class='ocrx_word' id='word_1_123' title='bbox 904 2332 964 2394; x_wconf 88' lang='lat' dir='ltr'><strong>Eva</strong></span> <span class='ocrx_word' id='word_1_124' title='bbox 985 2333 1153 2407; x_wconf 81' lang='lat' dir='ltr'><strong>momordit,</strong></span> 
     </span>
     <span class='ocr_line' id='line_1_19' title="bbox 144 2440 1047 2522; baseline -0.001 -16"><span class='ocrx_word' id='word_1_125' title='bbox 144 2444 289 2513; x_wconf 79' lang='lat' dir='ltr'><strong>notiaco</strong></span> <span class='ocrx_word' id='word_1_126' title='bbox 310 2441 359 2504; x_wconf 89' lang='lat' dir='ltr'><strong>illa</strong></span> <span class='ocrx_word' id='word_1_127' title='bbox 380 2449 443 2504; x_wconf 84' lang='lat' dir='ltr'><strong>sata</strong></span> <span class='ocrx_word' id='word_1_128' title='bbox 465 2440 565 2520; x_wconf 91' lang='lat' dir='ltr'><strong>planta</strong></span> <span class='ocrx_word' id='word_1_129' title='bbox 587 2441 651 2504; x_wconf 84' lang='lat' dir='ltr'><strong>tuit</strong></span> <span class='ocrx_word' id='word_1_130' title='bbox 694 2440 747 2502; x_wconf 89' lang='lat' dir='ltr'><strong>Sic</strong></span> <span class='ocrx_word' id='word_1_131' title='bbox 768 2440 882 2514; x_wconf 86' lang='lat' dir='ltr'><strong>neseio,</strong></span> <span class='ocrx_word' id='word_1_132' title='bbox 906 2442 1047 2522; x_wconf 87' lang='lat' dir='ltr'><strong>quiddam</strong></span> 
     </span>
     <span class='ocr_line' id='line_1_20' title="bbox 205 2551 1006 2634; baseline -0.002 -18"><span class='ocrx_word' id='word_1_133' title='bbox 205 2553 345 2616; x_wconf 87' lang='lat' dir='ltr'><strong>lnsonuit</strong></span> <span class='ocrx_word' id='word_1_134' title='bbox 364 2551 488 2613; x_wconf 79' lang='lat' dir='ltr'><strong>frondes</strong></span> <span class='ocrx_word' id='word_1_135' title='bbox 511 2551 599 2614; x_wconf 87' lang='lat' dir='ltr'><strong>inter.</strong></span> <span class='ocrx_word' id='word_1_136' title='bbox 644 2551 742 2624; x_wconf 83' lang='lat' dir='ltr'><strong>Quare</strong></span> <span class='ocrx_word' id='word_1_137' title='bbox 764 2551 881 2629; x_wconf 78' lang='lat' dir='ltr'><strong>agmine</strong></span> <span class='ocrx_word' id='word_1_138' title='bbox 899 2551 1006 2634; x_wconf 83' lang='lat' dir='ltr'><strong>juncto</strong></span> 
     </span>
     <span class='ocr_line' id='line_1_21' title="bbox 206 2660 1017 2744; baseline -0.004 -19"><span class='ocrx_word' id='word_1_139' title='bbox 206 2663 361 2725; x_wconf 82' lang='lat' dir='ltr'><strong>Vanomrus</strong></span> <span class='ocrx_word' id='word_1_140' title='bbox 383 2661 571 2744; x_wconf 86' lang='lat' dir='ltr'><strong>Smmusquc</strong></span> <span class='ocrx_word' id='word_1_141' title='bbox 594 2670 623 2722; x_wconf 87' lang='lat' dir='ltr'><strong>et</strong></span> <span class='ocrx_word' id='word_1_142' title='bbox 644 2679 699 2739; x_wconf 86' lang='lat' dir='ltr'><strong>ego</strong></span> <span class='ocrx_word' id='word_1_143' title='bbox 722 2660 916 2722; x_wconf 77' lang='lat' dir='ltr'><strong>discessimus</strong></span> <span class='ocrx_word' id='word_1_144' title='bbox 938 2661 1017 2734; x_wconf 85' lang='lat' dir='ltr'><strong>inde,</strong></span> 
     </span>
     <span class='ocr_line' id='line_1_22' title="bbox 204 2769 974 2836; baseline -0.005 0"><span class='ocrx_word' id='word_1_145' title='bbox 204 2773 356 2836; x_wconf 80' lang='lat' dir='ltr'><strong>Rudentes</strong></span> <span class='ocrx_word' id='word_1_146' title='bbox 377 2769 453 2833; x_wconf 77' lang='lat' dir='ltr'><strong>lauis</strong></span> <span class='ocrx_word' id='word_1_147' title='bbox 474 2770 511 2832; x_wconf 96' lang='lat' dir='ltr'><strong>ad</strong></span> <span class='ocrx_word' id='word_1_148' title='bbox 534 2769 651 2832; x_wconf 88' lang='lat' dir='ltr'><strong>coelum</strong></span> <span class='ocrx_word' id='word_1_149' title='bbox 670 2789 704 2832; x_wconf 88' lang='lat' dir='ltr'><strong>se</strong></span> <span class='ocrx_word' id='word_1_150' title='bbox 724 2769 834 2832; x_wconf 84' lang='lat' dir='ltr'><strong>vertice</strong></span> <span class='ocrx_word' id='word_1_151' title='bbox 855 2769 974 2832; x_wconf 90' lang='lat' dir='ltr'><strong>tollens.</strong></span> 
     </span>
     <span class='ocr_line' id='line_1_23' title="bbox 247 2879 1019 2962; baseline 0 -19"><span class='ocrx_word' id='word_1_152' title='bbox 247 2881 363 2944; x_wconf 77' lang='lat' dir='ltr'><strong>totvite</strong></span> <span class='ocrx_word' id='word_1_153' title='bbox 385 2880 511 2960; x_wconf 87' lang='lat' dir='ltr'><strong>quisque</strong></span> <span class='ocrx_word' id='word_1_154' title='bbox 532 2879 632 2941; x_wconf 89' lang='lat' dir='ltr'><strong>animo</strong></span> <span class='ocrx_word' id='word_1_155' title='bbox 655 2879 907 2962; x_wconf 81' lang='lat' dir='ltr'><strong>devotaerobora</strong></span> <span class='ocrx_word' id='word_1_156' title='bbox 929 2880 1019 2961; x_wconf 86' lang='lat' dir='ltr'><strong>pubis</strong></span> 
     </span>
    </p>
   </div>
   <div class='ocr_carea' id='block_1_5' title="bbox 56 2967 1018 3071">
    <p class='ocr_par' dir='ltr' id='par_1_8' title="bbox 56 2967 1018 3071">
     <span class='ocr_line' id='line_1_24' title="bbox 56 2967 1018 3071; baseline -0.008 -11"><span class='ocrx_word' id='word_1_157' title='bbox 56 2967 59 2974; x_wconf 70' lang='lat'>‚</span> <span class='ocrx_word' id='word_1_158' title='bbox 159 3002 189 3057; x_wconf 77' lang='grc' dir='ltr'><strong>ιι</strong></span> <span class='ocrx_word' id='word_1_159' title='bbox 203 2993 371 3071; x_wconf 87' lang='lat' dir='ltr'><strong>Prognatae</strong></span> <span class='ocrx_word' id='word_1_160' title='bbox 392 2989 511 3062; x_wconf 64' lang='lat' dir='ltr'><strong>nebda,</strong></span> <span class='ocrx_word' id='word_1_161' title='bbox 535 3007 610 3069; x_wconf 90' lang='lat' dir='ltr'><strong>quae</strong></span> <span class='ocrx_word' id='word_1_162' title='bbox 632 2987 703 3050; x_wconf 87' lang='lat' dir='ltr'><strong>vino</strong></span> <span class='ocrx_word' id='word_1_163' title='bbox 726 2988 840 3068; x_wconf 81' lang='lat' dir='ltr'><strong>expleta</strong></span> <span class='ocrx_word' id='word_1_164' title='bbox 861 2989 1018 3070; x_wconf 81' lang='lat' dir='ltr'><strong>epulisque</strong></span> 
     </span>
    </p>
   </div>
   <div class='ocr_carea' id='block_1_6' title="bbox 136 3098 1110 4387">
    <p class='ocr_par' dir='ltr' id='par_1_9' title="bbox 136 3098 1110 4387">
     <span class='ocr_line' id='line_1_25' title="bbox 203 3098 933 3178; baseline -0.005 -14"><span class='ocrx_word' id='word_1_165' title='bbox 203 3100 384 3165; x_wconf 87' lang='lat' dir='ltr'><strong>Pectoribus</strong></span> <span class='ocrx_word' id='word_1_166' title='bbox 405 3098 541 3178; x_wconf 87' lang='lat' dir='ltr'><strong>geminis,</strong></span> <span class='ocrx_word' id='word_1_167' title='bbox 564 3098 691 3170; x_wconf 79' lang='lat' dir='ltr'><strong>dicebat,</strong></span> <span class='ocrx_word' id='word_1_168' title='bbox 714 3098 837 3160; x_wconf 81' lang='lat' dir='ltr'><strong>Tnssm</strong></span> <span class='ocrx_word' id='word_1_169' title='bbox 858 3099 933 3160; x_wconf 90' lang='lat' dir='ltr'><strong>duro</strong></span> 
     </span>
     <span class='ocr_line' id='line_1_26' title="bbox 203 3203 987 3289; baseline -0.005 -16"><span class='ocrx_word' id='word_1_170' title='bbox 203 3210 289 3273; x_wconf 82' lang='lat' dir='ltr'><strong>Bello</strong></span> <span class='ocrx_word' id='word_1_171' title='bbox 312 3203 535 3289; x_wconf 76' lang='lat' dir='ltr'><strong>oppugnamnt3</strong></span> <span class='ocrx_word' id='word_1_172' title='bbox 557 3216 587 3270; x_wconf 92' lang='lat' dir='ltr'><strong>et</strong></span> <span class='ocrx_word' id='word_1_173' title='bbox 606 3208 700 3270; x_wconf 80' lang='lat' dir='ltr'><strong>tudae</strong></span> <span class='ocrx_word' id='word_1_174' title='bbox 723 3209 866 3287; x_wconf 88' lang='lat' dir='ltr'><strong>sanguine</strong></span> <span class='ocrx_word' id='word_1_175' title='bbox 887 3217 987 3270; x_wconf 90' lang='lat' dir='ltr'><strong>cretos</strong></span> 
     </span>
     <span class='ocr_line' id='line_1_27' title="bbox 205 3316 1023 3398; baseline -0.004 -16"><span class='ocrx_word' id='word_1_176' title='bbox 205 3321 280 3382; x_wconf 84' lang='lat' dir='ltr'><strong>&#39;lam</strong></span> <span class='ocrx_word' id='word_1_177' title='bbox 302 3317 392 3381; x_wconf 90' lang='lat' dir='ltr'><strong>molle</strong></span> <span class='ocrx_word' id='word_1_178' title='bbox 414 3317 576 3398; x_wconf 84' lang='lat' dir='ltr'><strong>adpotum</strong></span> <span class='ocrx_word' id='word_1_179' title='bbox 598 3318 697 3380; x_wconf 84' lang='lat' dir='ltr'><strong>tassos</strong></span> <span class='ocrx_word' id='word_1_180' title='bbox 719 3337 752 3380; x_wconf 91' lang='lat' dir='ltr'><strong>se</strong></span> <span class='ocrx_word' id='word_1_181' title='bbox 774 3324 879 3398; x_wconf 87' lang='lat' dir='ltr'><strong>pectus</strong></span> <span class='ocrx_word' id='word_1_182' title='bbox 901 3316 1023 3391; x_wconf 88' lang='lat' dir='ltr'><strong>babere,</strong></span> 
     </span>
     <span class='ocr_line' id='line_1_28' title="bbox 205 3426 1026 3504; baseline -0.002 -12"><span class='ocrx_word' id='word_1_183' title='bbox 205 3431 307 3504; x_wconf 82' lang='lat' dir='ltr'><strong>Quare</strong></span> <span class='ocrx_word' id='word_1_184' title='bbox 328 3428 393 3490; x_wconf 81' lang='lat' dir='ltr'><strong>istis</strong></span> <span class='ocrx_word' id='word_1_185' title='bbox 415 3427 538 3488; x_wconf 79' lang='lat' dir='ltr'><strong>Gnoson</strong></span> <span class='ocrx_word' id='word_1_186' title='bbox 553 3445 621 3490; x_wconf 94' lang='lat' dir='ltr'><strong>-non</strong></span> <span class='ocrx_word' id='word_1_187' title='bbox 643 3436 691 3490; x_wconf 90' lang='lat' dir='ltr'><strong>est</strong></span> <span class='ocrx_word' id='word_1_188' title='bbox 711 3426 921 3490; x_wconf 85' lang='lat' dir='ltr'><strong>comitantibus</strong></span> <span class='ocrx_word' id='word_1_189' title='bbox 943 3445 1026 3501; x_wconf 92' lang='lat' dir='ltr'><strong>usus,</strong></span> 
     </span>
     <span class='ocr_line' id='line_1_29' title="bbox 141 3536 1009 3616; baseline -0.005 -14"><span class='ocrx_word' id='word_1_190' title='bbox 141 3557 187 3610; x_wconf 75' lang='lat' dir='ltr'><strong>rso</strong></span> <span class='ocrx_word' id='word_1_191' title='bbox 204 3537 339 3602; x_wconf 86' lang='lat' dir='ltr'><strong>Collibus</strong></span> <span class='ocrx_word' id='word_1_192' title='bbox 361 3555 397 3600; x_wconf 80' lang='lat' dir='ltr'><strong>ex</strong></span> <span class='ocrx_word' id='word_1_193' title='bbox 417 3536 528 3599; x_wconf 83' lang='lat' dir='ltr'><strong>blidisn</strong></span> <span class='ocrx_word' id='word_1_194' title='bbox 549 3553 617 3598; x_wconf 89' lang='lat' dir='ltr'><strong>cum</strong></span> <span class='ocrx_word' id='word_1_195' title='bbox 639 3555 672 3598; x_wconf 87' lang='lat' dir='ltr'><strong>se</strong></span> <span class='ocrx_word' id='word_1_196' title='bbox 694 3536 822 3616; x_wconf 80' lang='lat' dir='ltr'><strong>conjecit</strong></span> <span class='ocrx_word' id='word_1_197' title='bbox 843 3536 873 3598; x_wconf 92' lang='lat' dir='ltr'><strong>in</strong></span> <span class='ocrx_word' id='word_1_198' title='bbox 895 3537 1009 3600; x_wconf 89' lang='lat' dir='ltr'><strong>hostes.</strong></span> 
     </span>
     <span class='ocr_line' id='line_1_30' title="bbox 202 3645 1039 3728; baseline -0.002 -18"><span class='ocrx_word' id='word_1_199' title='bbox 202 3649 256 3711; x_wconf 87' lang='lat' dir='ltr'><strong>Sic</strong></span> <span class='ocrx_word' id='word_1_200' title='bbox 277 3648 494 3728; x_wconf 75' lang='lat' dir='ltr'><strong>praetergressi</strong></span> <span class='ocrx_word' id='word_1_201' title='bbox 516 3665 553 3708; x_wconf 87' lang='lat' dir='ltr'><strong>ex</strong></span> <span class='ocrx_word' id='word_1_202' title='bbox 573 3645 701 3724; x_wconf 88' lang='lat' dir='ltr'><strong>geminis</strong></span> <span class='ocrx_word' id='word_1_203' title='bbox 724 3664 779 3710; x_wconf 88' lang='lat' dir='ltr'><strong>nos</strong></span> <span class='ocrx_word' id='word_1_204' title='bbox 801 3645 928 3724; x_wconf 86' lang='lat' dir='ltr'><strong>legimus</strong></span> <span class='ocrx_word' id='word_1_205' title='bbox 948 3665 1039 3710; x_wconf 85' lang='lat' dir='ltr'><strong>unom</strong></span> 
     </span>
     <span class='ocr_line' id='line_1_31' title="bbox 202 3755 1068 3835; baseline -0.001 -15"><span class='ocrx_word' id='word_1_206' title='bbox 202 3758 305 3830; x_wconf 81' lang='lat' dir='ltr'><strong>Onam,</strong></span> <span class='ocrx_word' id='word_1_207' title='bbox 329 3766 359 3818; x_wconf 89' lang='lat' dir='ltr'><strong>et</strong></span> <span class='ocrx_word' id='word_1_208' title='bbox 378 3755 471 3818; x_wconf 91' lang='lat' dir='ltr'><strong>multa</strong></span> <span class='ocrx_word' id='word_1_209' title='bbox 493 3755 579 3835; x_wconf 89' lang='lat' dir='ltr'><strong>gulae</strong></span> <span class='ocrx_word' id='word_1_210' title='bbox 599 3765 745 3818; x_wconf 83' lang='lat' dir='ltr'><strong>venerunt</strong></span> <span class='ocrx_word' id='word_1_211' title='bbox 765 3755 887 3818; x_wconf 86' lang='lat' dir='ltr'><strong>crimina</strong></span> <span class='ocrx_word' id='word_1_212' title='bbox 909 3757 947 3819; x_wconf 88' lang='lat' dir='ltr'><strong>od</strong></span> <span class='ocrx_word' id='word_1_213' title='bbox 971 3775 1068 3832; x_wconf 83' lang='lat' dir='ltr'><strong>aures,</strong></span> 
     </span>
     <span class='ocr_line' id='line_1_32' title="bbox 202 3865 1087 3946; baseline -0.002 -17"><span class='ocrx_word' id='word_1_214' title='bbox 202 3867 298 3941; x_wconf 82' lang='lat' dir='ltr'><strong>Queis</strong></span> <span class='ocrx_word' id='word_1_215' title='bbox 321 3866 464 3928; x_wconf 89' lang='lat' dir='ltr'><strong>missmm</strong></span> <span class='ocrx_word' id='word_1_216' title='bbox 486 3865 616 3928; x_wconf 83' lang='lat' dir='ltr'><strong>occessit</strong></span> <span class='ocrx_word' id='word_1_217' title='bbox 636 3865 762 3928; x_wconf 85' lang='lat' dir='ltr'><strong>lucrum.</strong></span> <span class='ocrx_word' id='word_1_218' title='bbox 805 3865 881 3928; x_wconf 83' lang='lat' dir='ltr'><strong>bein</strong></span> <span class='ocrx_word' id='word_1_219' title='bbox 904 3866 977 3928; x_wconf 90' lang='lat' dir='ltr'><strong>calle</strong></span> <span class='ocrx_word' id='word_1_220' title='bbox 998 3866 1087 3946; x_wconf 88' lang='lat' dir='ltr'><strong>potiti</strong></span> 
     </span>
     <span class='ocr_line' id='line_1_33' title="bbox 199 3974 957 4056; baseline -0.001 -17"><span class='ocrx_word' id='word_1_221' title='bbox 199 3977 239 4040; x_wconf 84' lang='lat' dir='ltr'><strong>Et</strong></span> <span class='ocrx_word' id='word_1_222' title='bbox 259 3976 320 4038; x_wconf 92' lang='lat' dir='ltr'><strong>lato</strong></span> <span class='ocrx_word' id='word_1_223' title='bbox 343 3984 372 4038; x_wconf 91' lang='lat' dir='ltr'><strong>et</strong></span> <span class='ocrx_word' id='word_1_224' title='bbox 393 3975 460 4038; x_wconf 91' lang='lat' dir='ltr'><strong>solo</strong></span> <span class='ocrx_word' id='word_1_225' title='bbox 481 3993 538 4037; x_wconf 90' lang='lat' dir='ltr'><strong>nos</strong></span> <span class='ocrx_word' id='word_1_226' title='bbox 559 3975 627 4056; x_wconf 88' lang='lat' dir='ltr'><strong>plus</strong></span> <span class='ocrx_word' id='word_1_227' title='bbox 650 3993 738 4056; x_wconf 88' lang='lat' dir='ltr'><strong>quam</strong></span> <span class='ocrx_word' id='word_1_228' title='bbox 759 3974 840 4037; x_wconf 90' lang='lat' dir='ltr'><strong>millo</strong></span> <span class='ocrx_word' id='word_1_229' title='bbox 860 3976 957 4055; x_wconf 80' lang='lat' dir='ltr'><strong>uagati</strong></span> 
     </span>
     <span class='ocr_line' id='line_1_34' title="bbox 136 4084 898 4153; baseline -0.003 -3"><span class='ocrx_word' id='word_1_230' title='bbox 136 4099 182 4153; x_wconf 79' lang='lat' dir='ltr'><strong>no</strong></span> <span class='ocrx_word' id='word_1_231' title='bbox 199 4086 312 4149; x_wconf 86' lang='lat' dir='ltr'><strong>Passus</strong></span> <span class='ocrx_word' id='word_1_232' title='bbox 335 4085 441 4148; x_wconf 75' lang='lat' dir='ltr'><strong>deliris</strong></span> <span class='ocrx_word' id='word_1_233' title='bbox 462 4085 568 4148; x_wconf 80' lang='lat' dir='ltr'><strong>animis</strong></span> <span class='ocrx_word' id='word_1_234' title='bbox 590 4085 798 4148; x_wconf 89' lang='lat' dir='ltr'><strong>contendimus</strong></span> <span class='ocrx_word' id='word_1_235' title='bbox 819 4084 898 4148; x_wconf 89' lang='lat' dir='ltr'><strong>ultra</strong></span> 
     </span>
     <span class='ocr_line' id='line_1_35' title="bbox 197 4194 1110 4276; baseline 0.001 -18"><span class='ocrx_word' id='word_1_236' title='bbox 197 4194 271 4258; x_wconf 86' lang='lat' dir='ltr'><strong>bluti</strong></span> <span class='ocrx_word' id='word_1_237' title='bbox 294 4213 411 4258; x_wconf 85' lang='lat' dir='ltr'><strong>omnes.</strong></span> <span class='ocrx_word' id='word_1_238' title='bbox 432 4229 471 4244; x_wconf 90' lang='lat'><strong>-·</strong></span> <span class='ocrx_word' id='word_1_239' title='bbox 485 4195 575 4268; x_wconf 64' lang='lat' dir='ltr'><strong>,Quid</strong></span> <span class='ocrx_word' id='word_1_240' title='bbox 597 4213 650 4258; x_wconf 82' lang='lat' dir='ltr'><strong>ros</strong></span> <span class='ocrx_word' id='word_1_241' title='bbox 672 4213 817 4268; x_wconf 83' lang='lat' dir='ltr'><strong>curarum,</strong></span> <span class='ocrx_word' id='word_1_242' title='bbox 840 4214 858 4258; x_wconf 92' lang='lat' dir='ltr'><strong>o</strong></span> <span class='ocrx_word' id='word_1_243' title='bbox 880 4203 1001 4276; x_wconf 90' lang='lat' dir='ltr'><strong>pectora</strong></span> <span class='ocrx_word' id='word_1_244' title='bbox 1024 4195 1110 4269; x_wconf 87' lang='lat' dir='ltr'><strong>trina,</strong></span> 
     </span>
     <span class='ocr_line' id='line_1_36' title="bbox 197 4303 968 4387; baseline 0 -19"><span class='ocrx_word' id='word_1_245' title='bbox 197 4306 249 4370; x_wconf 87' lang='lat' dir='ltr'><strong>Sic</strong></span> <span class='ocrx_word' id='word_1_246' title='bbox 270 4304 392 4370; x_wconf 77' lang='lat' dir='ltr'><strong>versat?</strong></span> <span class='ocrx_word' id='word_1_247' title='bbox 414 4303 514 4368; x_wconf 89' lang='lat' dir='ltr'><strong>subito</strong></span> <span class='ocrx_word' id='word_1_248' title='bbox 534 4305 700 4387; x_wconf 81' lang='lat' dir='ltr'><strong>necopinus</strong></span> <span class='ocrx_word' id='word_1_249' title='bbox 722 4305 803 4367; x_wconf 83' lang='lat' dir='ltr'><strong>venit</strong></span> <span class='ocrx_word' id='word_1_250' title='bbox 823 4304 860 4366; x_wconf 89' lang='lat' dir='ltr'><strong>ad</strong></span> <span class='ocrx_word' id='word_1_251' title='bbox 882 4325 968 4368; x_wconf 89' lang='lat' dir='ltr'><strong>aures</strong></span> 
     </span>
    </p>
   </div>
   <div class='ocr_carea' id='block_1_7' title="bbox 998 311 1385 1996">
    <p class='ocr_par' dir='ltr' id='par_1_10' title="bbox 998 311 1385 2107">
     <span class='ocr_line' id='line_1_37' title="bbox 998 311 1385 1086; baseline -0.003 -657"><span class='ocrx_word' id='word_1_252' title='bbox 998 311 1191 321; x_wconf 47' lang='lat' dir='ltr'><strong>‘m</strong></span> <span class='ocrx_word' id='word_1_253' title='bbox 1063 314 1385 1086; x_wconf 65' lang='lat' dir='ltr'><strong>sip</strong></span> 
     </span>
     <span class='ocr_line' id='line_1_38' title="bbox 1331 1504 1338 1996; baseline 0 111"><span class='ocrx_word' id='word_1_254' title='bbox 1331 1504 1338 1996; x_wconf 74' lang='lat' dir='ltr'><strong>l</strong></span> 
     </span>
    </p>
   </div>
   <div class='ocr_carea' id='block_1_8' title="bbox 1329 2177 1335 2416">
    <p class='ocr_par' dir='ltr' id='par_1_11' title="bbox 1329 2113 1335 2416">
     <span class='ocr_line' id='line_1_39' title="bbox 1329 2177 1335 2416; baseline 0 0"><span class='ocrx_word' id='word_1_255' title='bbox 1329 2177 1335 2416; x_wconf 80' lang='lat' dir='ltr'><strong>i</strong></span> 
     </span>
    </p>
   </div>
   <div class='ocr_carea' id='block_1_9' title="bbox 0 0 1572 5164">
    <p class='ocr_par' dir='ltr' id='par_1_12' title="bbox 0 0 1572 5164">
     <span class='ocr_line' id='line_1_40' title="bbox 0 0 1572 5164; baseline 0 4"><span class='ocrx_word' id='word_1_256' title='bbox 0 0 1572 5164; x_wconf 95' lang='lat' dir='ltr'><strong> </strong></span> 
     </span>
    </p>
   </div>
  </div>
 </body>
</html>
