3144 5164
607 353 742 407 trusels!
761 357 808 407 XX.

207 574 305 654 Atque
326 573 408 636 bono
430 572 551 652 incepto
572 591 671 654 prave,
694 592 755 636 nou
775 575 875 656 possit
895 575 1003 638 obesse

207 682 340 754 ductori,
363 681 433 744 inde
455 681 527 743 lieet
547 682 625 746 soret
646 701 798 747 emersura
820 685 907 748 ruina

160 803 193 858 oo
208 793 356 856 Eversum
377 790 491 854 orbem.
535 791 594 854 Sed
617 792 668 870 qui
691 793 872 874 spectandus
893 793 925 855 in
947 811 1018 856 uon

209 903 265 966 Est
286 901 340 964 tibi
363 901 480 974 declivi,
503 918 613 964 nomen
636 902 799 966 Guilelmus
821 901 960 976 babebat,

209 1013 306 1088 Quem
327 1011 377 1093 pia
399 1011 534 1092 deplorat
556 1010 654 1085 tellus,
677 1012 724 1075 cui
747 1013 883 1075 Csuonus
906 1020 995 1094 atque

208 1121 369 1185 Furomcus
391 1119 449 1182 riri
471 1121 596 1184 eliciunt
617 1139 653 1183 ex
673 1128 795 1202 pectore
817 1123 917 1185 lletus.

208 1230 295 1293 Nune
314 1231 405 1304 videt,
427 1240 459 1293 ut
476 1231 552 1313 justi
574 1231 654 1310 regis
676 1231 793 1294 coelum
816 1231 900 1294 ardet
920 1249 1039 1304 amurca

160 1347 193 1403 eo
208 1339 302 1421 ldqtie
324 1339 413 1403 etiam
435 1341 502 1421 ipsc
524 1341 615 1404 docet
633 1340 724 1402 vultis
746 1340 861 1420 fulgore
884 1359 1056 1404 coruscans.

209 1451 295 1526 Quis,
318 1459 434 1513 vestros
456 1451 535 1514 inter
555 1450 665 1530 priscis
688 1449 840 1514 erroribus
863 1459 957 1526 actos,

208 1561 351 1623 Crederet
372 1560 494 1630 iliacum
514 1561 628 1622 rerssri
649 1561 766 1622 lirense
787 1559 819 1621 in
841 1559 901 1622 isto

207 1669 288 1733 Orbe
310 1669 399 1744 oculi,
422 1680 452 1731 ot
474 1669 586 1731 sanctis
607 1668 742 1749 quintum
765 1687 833 1732 sese
856 1669 966 1734 addere
988 1669 1140 1734 dammis?

206 1779 293 1842 Nunc
315 1788 362 1842 sat
383 1779 501 1842 divinae
521 1778 636 1850 reniae,
659 1797 747 1858 quam
769 1797 893 1842 cernere
913 1781 1043 1844 mundus

157 1899 190 1954 tt
206 1889 272 1951 Non
293 1889 380 1962 rdet,
400 1889 457 1950 istc
477 1887 568 1961 videt,
590 1887 722 1949 barathri
743 1888 814 1950 licet
834 1887 901 1968 ipse
922 1891 1063 1970 profundi

206 1997 292 2060 Haud
314 1997 411 2060 oculis
431 1997 529 2078 possit
549 1996 682 2077 propriis
703 1997 887 2061 descendere
908 1997 940 2060 iu
962 1998 1033 2062 ima.

249 2107 352 2182 Qualis
374 2125 429 2188 per
449 2107 581 2187 liquidos
605 2113 716 2168 tructus
739 2107 885 2187 spatiatur
905 2107 1010 2170 alaude

205 2217 337 2280 Primum
358 2233 432 2279 rooe
454 2233 574 2291 canens,
597 2235 632 2278 ec
652 2216 723 2279 dein
745 2225 884 2280 contenta
905 2216 1021 2280 silescit

93 2295 97 2406 l
204 2319 375 2390 muemtm
396 2325 547 2389 modideta
568 2325 675 2400 melos,
698 2345 757 2406 quo
780 2326 914 2407 expletur
935 2328 1067 2391 abunde:

155 2444 189 2499 7⁰
206 2437 288 2500 Talis
309 2438 407 2516 imago
430 2436 487 2498 luit
506 2435 581 2498 mihi
602 2435 676 2510 riso,
698 2437 847 2516 impresse
868 2437 966 2516 sigillo

204 2547 325 2610 Aeterni
348 2547 447 2625 gaudi,
471 2546 561 2626 quod,
583 2555 674 2626 prout
695 2547 754 2609 lert
774 2548 865 2610 corde
886 2546 992 2621 libido,

204 2657 300 2720 Omne
321 2656 394 2719 lacit
415 2655 502 2736 quale
524 2665 581 2718 ost.
624 2655 662 2717 lit
684 2673 773 2736 quum
796 2656 910 2720 delirus
932 2666 963 2720 et
982 2675 1093 2740 anceps

202 2765 285 2828 lituo
307 2783 405 2829 essem
427 2765 536 2827 similis
558 2765 700 2829 referenti
721 2775 804 2828 veste
825 2765 967 2841 colorem,

204 2876 270 2951 Quo
293 2875 350 2938 luit
371 2875 527 2950 imbutum,
548 2894 610 2938 non
632 2875 754 2954 longum
775 2884 823 2937 est
842 2895 932 2956 passa
953 2887 1136 2955 morantem

154 3000 186 3055 lo
201 2985 296 3066 llique
317 2983 376 3048 sibi
399 2985 539 3068 propria:
563 2985 711 3058 Quidnam
732 2982 814 3048 hoel
835 2985 877 3046 mi
898 2986 1024 3049 extorsit
1043 2987 1081 3052 ab
1103 3007 1173 3064 ore;

203 3095 301 3170 Quare
323 3095 465 3157 laetitiam
487 3095 639 3174 ingentem
659 3094 773 3173 fulgore
797 3113 923 3158 comsco

201 3205 268 3267 llidi
291 3205 497 3268 exsultantem.
541 3204 615 3266 Post
636 3206 711 3266 haec
732 3204 901 3267 uenerabile
923 3205 1040 3284 signum

199 3314 378 3377 Luminibus
400 3313 496 3394 magis
518 3313 656 3378 accensis
676 3313 750 3376 mibi
773 3312 843 3376 talia
864 3313 974 3389 reddit,

200 3423 243 3486 ile
265 3444 315 3487 me
336 3442 516 3505 suspensum
537 3432 608 3504 post
627 3409 703 3488 mira
725 3423 824 3486 audita
848 3431 977 3488 teneret:

151 3541 184 3598 8⁰
200 3535 235 3598 Ut
258 3534 337 3608 nori,
360 3541 479 3596 narrata
500 3533 575 3596 mihi
597 3543 629 3596 tu
652 3533 774 3596 credere
797 3533 919 3612 dignum

198 3643 274 3707 Esse
296 3651 393 3724 putas,
418 3643 486 3722 quia
510 3649 604 3706 testor
625 3659 698 3722 ego;
720 3649 752 3704 at
773 3659 955 3722 cognoscere
975 3661 1037 3706 non
1059 3657 1114 3721 est,

174 3737 258 3828 'Qui
281 3752 402 3834 possint
422 3751 497 3826 lieri,
520 3759 551 3814 et
573 3759 611 3827 te,
634 3751 754 3818 sisunt
776 3751 896 3826 credito,
919 3753 1034 3818 tollunt.

198 3863 268 3924 Stes
288 3862 404 3924 bomini
426 3861 544 3936 similis,
567 3861 618 3942 qui
641 3881 705 3925 rem
727 3870 775 3924 sat
794 3863 916 3925 nomine
937 3864 1035 3939 norit;

198 3973 330 4036 Cernere
351 3983 381 4034 at
401 3971 469 4052 ipso
485 3971 604 4053 nequit,
627 3971 699 4052 quid
721 3971 770 4046 sit,
792 3971 824 4034 ni
846 3974 1009 4036 accesserit
1029 3983 1143 4051 unctor,

148 4101 180 4158 05
199 4082 257 4156 uui
279 4081 397 4145 doceat.
439 4083 574 4161 Regnum
596 4080 749 4144 coelorum
772 4101 788 4143 a
810 4082 1064 4146 llamine.amoris

196 4191 262 4253 Vim
283 4193 402 4272 patitur,
424 4193 550 4272 viraque
572 4210 589 4254 a
610 4211 675 4272 spe,
698 4191 746 4254 cui
768 4191 846 4254 ricta
866 4191 1003 4255 voluntas

195 4301 302 4367 Divina
324 4303 508 4384 obsequitur,
531 4320 601 4375 non,
625 4299 729 4382 utqui
751 4302 858 4364 cedere
878 4301 974 4366 victus
