3124 5170
732 383 868 394 -w-——r

307 441 369 506 tot
724 441 917 494 nsunuonuu
935 441 1022 494 aaut.

371 661 467 724 Vestri
489 661 615 740 agitaut3
638 661 692 723 ted
714 661 756 724 ibi
777 660 867 724 modo
890 659 973 723 nulla
993 661 1125 740 patentia
1146 661 1232 742 liqui.

321 776 353 830 35
372 772 436 832 Stat
458 769 547 832 veluti
568 771 677 832 multos
698 770 782 832 stetit
803 779 871 832 ante
893 771 1028 832 Rursum
1050 789 1105 849 per
1127 789 1244 846 annos3

371 882 467 960 Atque
488 880 676 942 Pouenrrnus
698 857 816 960 polletis
837 888 937 942 rostro
960 881 1021 942 ales
1043 880 1159 942 aduneo

372 989 422 1052 Sic
446 991 525 1051 lovet
547 1008 614 1062 ora,
638 990 700 1054 suis
722 991 901 1052 Puruooueu
922 999 955 1052 ut
976 997 1115 1068 oontegat
1136 990 1201 1052 alis.

373 1099 515 1179 Quaeque
539 1098 609 1160 olim
631 1100 721 1177 longo
743 1100 830 1162 tellus
851 1100 980 1162 exercita
1002 1099 1072 1161 ludo

372 1207 522 1271 Gallorum
545 1209 665 1272 tumulis
686 1209 831 1274 infecerat
852 1228 921 1271 arva
943 1217 1074 1281 cruenta,

320 1327 355 1380 tu
370 1317 449 1380 Pace
471 1317 523 1379 diu
544 1318 652 1384 fruitur
672 1319 760 1381 viridi
781 1338 887 1382 senuna
910 1318 965 1380 sub
988 1336 1100 1396 unque:

371 1428 409 1489 tt
429 1428 646 1500 t'onnocconu,
669 1429 829 1508 seniorque
852 1446 1021 1508 novusque,
1044 1427 1180 1493 molossi.

372 1535 433 1598 Sub
456 1537 564 1617 quibus
587 1537 707 1616 indigno
725 1539 820 1619 jacuit
840 1538 1003 1600 lloureoni
1026 1546 1209 1618 peremptus,

371 1646 405 1710 ln
428 1647 505 1707 saltu
526 1647 604 1726 pasti
626 1647 732 1710 dentes
754 1649 791 1710 de
813 1667 896 1709 more
919 1648 1080 1710 terebrant.

373 1757 514 1839 Quasque
536 1756 640 1817 Linon
663 1765 773 1830 terrae,
797 1776 931 1837 quasque
952 1757 1036 1820 alluit
1059 1756 1136 1820 unda
1159 1756 1299 1829 Virroni,

321 1870 354 1923 45
371 1865 456 1926 Nune
477 1865 556 1943 regit
575 1865 712 1945 imperiis
732 1866 802 1928 nido
824 1867 889 1928 Leo
912 1885 1021 1947 parvus
1043 1865 1075 1928 iu
1097 1865 1174 1938 albo,

250 1987 253 2016 ¹
373 1974 446 2051 Qui,
470 1993 543 2054 quae
568 1981 677 2037 tutatur
698 1975 795 2038 calido
818 1977 873 2038 sub
896 1975 1011 2048 sidere,
1034 1983 1135 2054 partes

372 2084 434 2146 Sub
456 2085 560 2146 bruma
583 2093 690 2146 mutat:
714 2087 907 2166 Cissunique
929 2086 1063 2165 proxima
1085 2085 1192 2158 Sorano,

372 2194 409 2256 Ut
430 2193 527 2256 media
550 2203 596 2256 est
617 2195 695 2256 iuter
715 2214 853 2276 eampum
873 2195 1069 2276 lapidosaque
1090 2195 1211 2268 montis,

371 2305 454 2368 luter
474 2303 626 2368 servitium
647 2303 873 2386 libertatemque
895 2313 1036 2368 moratur.

322 2423 355 2476 5⁰
371 2414 456 2475 Nune
478 2413 551 2474 mihi
574 2413 638 2487 dic,
661 2434 730 2489 oro,
755 2415 806 2496 qui
829 2415 888 2488 sis3
911 2414 978 2493 plus
1001 2433 1089 2494 quant
1113 2414 1168 2476 tuit
1189 2413 1265 2476 alter

372 2523 415 2584 Ne
438 2521 510 2583 mibi
534 2523 576 2584 sis
598 2523 704 2597 durus,
727 2536 760 2587 ut
781 2524 822 2586 sit
842 2533 891 2586 tua
914 2524 990 2585 lama
1014 2533 1177 2603 superstes

413 2632 575 2712 Postquam
597 2653 679 2696 more
701 2653 756 2696 suo
778 2643 825 2695 sat
845 2635 964 2712 longum
988 2633 1135 2711 immugiit
1156 2633 1244 2712 ignis,

372 2741 499 2802 Vertiois
520 2742 577 2803 bau
598 2740 667 2804 lllae
689 2753 852 2806 extremum
873 2743 965 2805 movit
986 2761 1121 2815 acumen,

372 2851 486 2914 lteinde
507 2869 614 2912 sonum
636 2852 747 2915 olllavit
768 2852 872 2914 talem:
895 2853 927 2914 Si
950 2871 1040 2931 posse
1062 2860 1196 2932 putarem

323 2967 355 3022 55
372 2961 405 3024 ld
428 2959 512 3033 fieri,
535 2969 567 3022 ut
587 2980 690 3022 rursus
712 2961 811 3022 visuro
832 2961 944 3028 lumina
967 2963 1040 3024 solis

373 3069 480 3132 Nostra
504 3071 602 3132 loreut
623 3071 783 3134 commissa
805 3071 867 3134 viro
890 3091 1050 3152 responsa,
1073 3084 1208 3135 maneret

372 3180 453 3242 Haeo
475 3181 591 3246 llamma
614 3182 692 3244 baud
715 3183 823 3262 agitata
846 3183 934 3245 ultra:
959 3191 1019 3256 ast,
1044 3195 1074 3244 ut
1096 3183 1218 3246 eredere
1240 3183 1364 3263 dignum
1381 3195 1434 3253 est

373 3289 619 3370 Quandoquidem
640 3311 781 3354 revocare
803 3292 911 3372 gradus
933 3293 992 3352 boe
1013 3311 1132 3354 oaroere
1155 3293 1192 3354 ab
1214 3303 1279 3356 atro

372 3398 450 3461 Nulli
473 3419 602 3480 unquam
624 3401 690 3484 vivo
710 3401 809 3476 licuit,
832 3420 977 3482 responsa
999 3401 1158 3480 remittam,
1478 3350 1481 3553 ἱ

323 3519 357 3571 to
372 3508 457 3576 Haud
479 3522 614 3572 metuens
636 3511 746 3585 lamae,
770 3530 845 3592 quae
868 3521 970 3574 nostra
991 3513 1151 3592 opprobria
1174 3514 1291 3594 prodat.

416 3619 494 3680 Olim
515 3619 602 3684 miles
624 3639 721 3693 eram,
744 3621 811 3682 dein
833 3621 951 3684 lumbos
974 3621 1044 3684 lune
1065 3631 1177 3686 retorto

373 3727 472 3809 Ciuxj,
496 3728 541 3789 sie
562 3728 651 3790 vitam
674 3739 755 3792 ratus
778 3731 937 3793 emendare
958 3732 1099 3811 priorem.

372 3837 410 3898 Et
430 3833 510 3900 uerte
532 3836 590 3902 ista
611 3838 685 3902 fides
708 3839 844 3902 veniebat
864 3841 905 3902 mi
927 3840 1043 3919 integra
1066 3849 1135 3916 tota,

373 3946 404 4009 Si
428 3966 487 4008 nou
510 3946 559 4009 ille
582 3956 688 4027 potens
712 3959 756 4010 ter
777 3967 901 4029 magnus
923 3950 1078 4030 presbyter
1099 3961 1190 4025 esset,

323 4068 356 4122 ut
373 4055 427 4117 Cui
449 4055 525 4118 male
547 4055 595 4116 sit.
638 4057 772 4138 Namque
794 4059 820 4120 is
843 4078 890 4122 me
912 4059 943 4121 in
965 4061 1090 4124 erimina
1112 4061 1208 4142 prima
1230 4062 1357 4125 remisit

374 4165 431 4239 Qui
454 4183 601 4246 quamque
623 4166 662 4228 ob
685 4185 836 4241 caussam,
859 4170 925 4249 ipse
946 4171 1063 4245 volens,
1087 4173 1221 4246 adverte,
1244 4171 1371 4234 docebo.

414 4275 514 4336 llonec
536 4276 631 4338 torma
653 4275 694 4338 lui
718 4293 784 4338 oum
806 4297 895 4340 oarue
916 4288 1005 4360 atque
1027 4280 1148 4344 ossibus
1170 4280 1241 4355 illis,

373 4385 456 4458 Quae
479 4385 602 4448 dederat
621 4385 763 4466 genitrix,
785 4407 846 4450 nou
869 4408 916 4452 me
937 4407 1003 4454 mea
1025 4391 1104 4453 faeta
1124 4390 1254 4465 leonem,
