3136 5164
316 435 379 496 ooo
734 374 1493 721 ιυιιωτοῃιιᾙή

316 666 363 720 115
381 654 467 716 Hunc
488 661 577 726 stare,
600 652 691 732 inque
714 649 810 714 oculis
831 650 944 712 vanum
965 668 1108 730 apparere
1131 652 1251 714 tuentis.

422 765 497 826 llum
519 781 604 825 mens
626 761 761 842 gustabat
782 760 856 822 mibi
877 758 955 822 laeta
976 767 1008 820 et
1027 759 1113 839 plena
1136 762 1270 840 stuporis

380 872 473 947 Illam,
496 891 582 953 quae,
606 889 665 951 quo
687 870 754 951 plus
777 875 899 942 saturat,
921 867 989 948 plus
1012 887 1081 930 esca
1104 868 1211 942 sititur,

380 983 465 1044 Tunc
487 980 568 1054 mibi,
594 981 631 1043 da
654 980 730 1042 solio
752 985 875 1042 testatae
897 995 930 1039 se
952 995 1020 1040 esse
1042 997 1194 1058 supremo,

380 1091 546 1154 occurrere
568 1091 643 1153 aliae
666 1107 767 1152 coram
789 1096 850 1150 tres
872 1087 977 1150 ordine
999 1087 1099 1158 Divae,

314 1205 363 1258 12⁰
380 1199 626 1280 Carminibusque
648 1198 711 1260 suis
733 1196 822 1258 simul
844 1197 983 1278 adjuvere
1004 1195 1131 1259 choreas

237 1385 242 1394 '
379 1309 539 1389 Angelicls.
583 1309 827 1380 convertemus,
851 1316 999 1376 converte.
1021 1306 1161 1376 Burrum,

380 1417 552 1488 cantabant,
577 1416 681 1478 oculos
704 1423 826 1478 sanctos
850 1416 1000 1496 fidumque
1022 1423 1116 1488 tuere,

380 1529 439 1602 Oui
460 1537 489 1588 te
510 1527 627 1588 risurus
649 1533 692 1587 tot
713 1525 853 1605 passibus
875 1525 966 1587 ardua
987 1524 1068 1586 vicit.

379 1638 421 1700 lla
442 1635 532 1698 nobis
552 1633 669 1697 reniam
690 1634 778 1706 bane,
799 1643 909 1714 tuaque
931 1633 1002 1696 huic
1023 1635 1071 1696 lac
1093 1651 1145 1696 ora
1166 1635 1291 1709 reveles,

315 1765 363 1819 lat
380 1747 463 1820 Quae
486 1744 575 1806 celas.
620 1744 645 1806 0
668 1750 807 1806 aeternae
829 1742 874 1804 ris
895 1742 991 1806 vivida
1012 1741 1104 1805 lucis!

379 1856 559 1936 Ecquisnam
581 1871 676 1933 usque
699 1853 774 1914 adeo
796 1851 851 1914 sub
873 1853 960 1914 Pindi
983 1853 1124 1933 expalluit
1146 1853 1261 1927 umbra,

380 1966 437 2027 dut
458 1962 622 2043 Aganippei
644 1962 756 2042 putarit
775 1962 907 2024 lluminis
927 1962 1045 2036 undam,

381 2075 440 2148 Oui
461 2091 522 2136 non
543 2079 642 2134 mente
662 2071 773 2145 hebeti,
796 2071 915 2150 ingenio
936 2072 1072 2134 rideatur
1091 2073 1202 2152 inepto,

381 2185 414 2246 Si
435 2192 474 2257 te,
498 2182 593 2263 qtralis
616 2200 691 2254 eras,
715 2180 831 2244 studeat
851 2181 1030 2255 describere,
1054 2181 1085 2244 in
1107 2181 1156 2244 illa

318 2310 365 2364 rao
381 2292 451 2356 Ora.
473 2292 525 2355 ubi
546 2301 574 2354 te
596 2309 742 2354 resonans
764 2291 960 2353 concentibus
982 2291 1085 2354 aether
1105 2292 1271 2365 obumbrat,

380 2403 454 2466 Cum
474 2411 525 2466 tue
546 2420 579 2464 ae
602 2401 693 2464 lacies
715 2400 854 2462 dissolvit
872 2402 903 2464 in
925 2407 993 2464 aera
1012 2399 1171 2482 apertum?

842 2661 973 2744 xxxu.

381 2843 480 2920 Usque
502 2839 577 2902 adeo
598 2838 759 2901 haerebant
779 2839 882 2902 intenti
905 2839 1049 2920 uvidique,
1072 2840 1235 2904 decennem

379 2951 557 3012 Exeaturare
579 2947 661 3010 sitim
681 2948 773 3016 visus.
795 2957 828 3010 ut
849 2949 989 3012 sensibus
1011 2951 1108 3012 omnis

378 3061 493 3123 llorttu
513 3059 559 3120 ris
581 3068 664 3121 esset
683 3056 822 3138 reliquis3
845 3067 873 3120 et
895 3059 1042 3122 clauserat
1062 3060 1131 3122 illos

379 3170 456 3232 llinc
476 3180 563 3248 atque
584 3167 654 3230 laine
675 3167 775 3248 paries
796 3168 940 3230 mittentis
963 3178 1077 3231 caetera
1100 3187 1205 3232 curae:

347 3279 431 3341 ⁵Sic
451 3279 488 3342 ad
511 3297 544 3341 se
566 3277 707 3340 attonitos
728 3278 777 3339 lux
799 3278 878 3339 risus
899 3277 975 3339 alma
1000 3278 1135 3341 trahebat

378 3387 502 3452 lletibus
523 3388 669 3467 unuquis3
691 3405 757 3449 cum
779 3405 827 3449 me
848 3387 994 3449 divertere
1014 3388 1124 3450 voltum

380 3497 592 3578 Compulerant
612 3496 757 3577 nymphae
779 3497 816 3560 ad
837 3495 966 3572 laevam3
998 3516 1065 3560 nam
1087 3499 1141 3562 bes
1163 3499 1340 3582 obstrepere
1361 3502 1435 3564 auri:

380 3607 509 3670 llaesisti
530 3605 633 3671 nimisl
656 3606 817 3668 audieram.
860 3606 898 3668 Et
919 3624 976 3686 qua
998 3607 1064 3686 lege
1085 3609 1217 3672 solemus

380 3715 519 3788 Cernere,
540 3716 677 3794 percussi
698 3716 788 3778 modo
809 3716 905 3778 visum
927 3735 944 3778 a
965 3716 1076 3780 lumine
1098 3717 1181 3792 solis,

332 3827 364 3880 lo
378 3825 449 3906 lpse
470 3823 520 3884 diu
541 3824 623 3886 carui
644 3823 720 3887 luce.
763 3826 818 3887 dst
837 3825 888 3887 ubi
910 3841 1005 3906 pauca
1026 3827 1138 3890 tuendo

379 3934 489 4008 (Pauca
510 3933 630 4014 quidem
652 3934 689 3996 ad
711 3934 845 4007 medium,
868 3936 947 4016 quod
969 3953 1076 3999 sensus
1098 3938 1196 4008 iterat.
1219 3939 1299 4001 unde

379 4042 520 4106 Abscessi
544 4042 689 4121 ingratis.)
711 4043 791 4106 acies
813 4053 946 4109 recreata
967 4045 1082 4120 redirit,

379 4153 455 4214 'lum
477 4152 553 4216 latus
575 4151 605 4212 in
628 4151 762 4216 declinem
783 4154 843 4217 ridi
865 4154 1028 4235 procedere
1049 4155 1166 4218 turbam

344 4237 351 4252 x
378 4262 529 4341 lusignem
550 4261 660 4324 decore
682 4269 769 4343 atque
790 4263 898 4345 pedem
920 4281 987 4326 eum
1009 4264 1073 4328 sole
1095 4266 1217 4338 referre,

331 4377 363 4432 lt
380 4372 416 4434 Et
438 4371 679 4452 septemgeminis
701 4373 823 4436 adversa
843 4373 1014 4453 petentibus
1036 4393 1089 4436 ora
