3124 5170
306 683 404 748 1151n
427 684 549 764 primis,
574 683 624 764 qui
647 701 752 745 caussa
776 684 845 745 luit:
869 685 967 757 Quare
990 683 1073 746 ilicet
1093 703 1202 764 urgens

249 864 252 881 ,
371 793 531 856 Clamavit:
551 794 634 867 lam,
653 793 715 873 jam
738 793 840 856 tenco!
863 796 901 855 at
922 793 987 856 lere
1009 793 1127 873 pondus
1149 793 1299 856 habebant

249 894 252 950 i
372 905 484 977 Voces,
508 921 636 982 namque
658 903 713 963 alis
735 911 922 982 praevertere
944 921 1034 983 posse
1057 903 1194 966 timorem

372 1013 438 1074 Non
461 1012 554 1074 licuit.
599 1012 687 1076 Subit
709 1012 774 1087 ille3
797 1021 930 1075 arrectus
952 1032 1078 1092 corpore
1100 1021 1173 1087 toto,
1479 986 1481 1075 i

371 1121 431 1184 lste
454 1121 672 1202 supervolitans
695 1121 834 1184 instabat.
879 1123 922 1185 lta
946 1122 1044 1183 obruit
1066 1121 1155 1184 undis
1479 1102 1481 1117 ³

306 1249 355 1300 120
373 1232 487 1312 Corpus
510 1249 597 1303 anas,
621 1231 752 1293 findente
775 1249 861 1292 auras
884 1232 999 1293 falcone
1021 1231 1201 1312 propinquo,

371 1341 461 1420 lsquc
483 1341 585 1402 furens
608 1341 667 1415 ira,
691 1351 720 1402 et
742 1342 853 1404 lractus
876 1341 951 1422 petit
972 1341 1093 1403 aethera
1116 1361 1229 1407 rursus.

370 1449 487 1511 Ludum
509 1449 679 1528 indignatus
699 1470 769 1512 mox
792 1450 965 1514 Calcahrina
985 1450 1085 1512 volatu

370 1559 457 1621 llunc
479 1559 629 1639 sequitur,
652 1560 741 1621 tacite
764 1560 910 1638 gaudens,
934 1561 1013 1641 quod
1036 1562 1151 1639 fugerat
1172 1559 1255 1634 alter,

369 1669 435 1730 lam
458 1669 585 1750 cupidus
608 1670 743 1731 conferre
765 1687 880 1731 manus.
925 1671 961 1732 at
981 1670 1033 1732 ubi
1056 1669 1210 1751 improbus
1233 1689 1353 1733 omnem

305 1783 354 1838 125
370 1777 473 1839 Evasit
493 1793 611 1852 casnm,
635 1779 710 1840 socii
733 1780 808 1860 petit
830 1777 976 1858 unguibus
1000 1799 1061 1854 ora,

370 1887 563 1968 Arripuitque
585 1887 674 1949 simul
696 1891 808 1950 lossam
831 1907 930 1968 super.
973 1892 1011 1951 at
1033 1889 1088 1950 luit
1109 1889 1160 1951 ille

370 1996 513 2076 Accipitri
536 1997 836 2078 similispraedanti,
860 2017 1032 2080 unguesque
1055 2017 1179 2079 rapaces

371 2105 498 2168 Immisit
519 2115 637 2181 contra,
660 2109 870 2188 revolutusque
892 2129 969 2171 nnus
992 2119 1022 2171 et
1044 2109 1118 2171 alter

371 2215 488 2278 Decidit
509 2216 539 2278 iu
562 2218 653 2280 medii
676 2218 817 2280 ferventia
841 2219 952 2297 glutina
975 2219 1083 2297 stagni.

305 2337 354 2389 1111
413 2325 554 2388 Protinus
576 2327 632 2388 lros
652 2338 752 2390 aestus
775 2328 918 2390 dirimens
941 2329 1088 2404 defendit,
1112 2329 1233 2391 atinde

372 2435 500 2514 Surgere
522 2436 600 2497 nulla
624 2437 733 2499 dabant
755 2439 924 2512 conamina,
948 2439 988 2501 ita
1010 2439 1148 2500 haeserat
1169 2438 1225 2500 alis

372 2545 516 2606 Concreto
539 2546 651 2607 viscum
673 2547 752 2627 pice.
795 2549 1010 2630 Barbaorispns
1032 2557 1119 2610 acuto

248 1954 251 1988 l

371 2653 497 2716 Vulnere
521 2673 586 2716 cum
608 2655 733 2736 reliquis
754 2677 931 2738 percussus,
955 2667 1094 2738 quattuor
1115 2658 1151 2719 ad
1174 2677 1207 2720 se

371 2763 482 2826 Evocat
504 2784 538 2826 er
561 2765 620 2826 alio
643 2766 734 2838 cliro,
758 2766 845 2828 simul
869 2767 1007 2830 omnibus
1030 2769 1120 2829 armis

305 2877 354 2930 1115
370 2873 549 2946 lnstruotos‚
572 2893 769 2956 propereque.
813 2879 866 2938 Ast
887 2877 930 2939 illi
952 2877 1022 2939 hinc
1044 2877 1113 2939 inde
1134 2877 1262 2940 volando

370 2982 476 3061 lapsi,
499 2982 644 3046 devenere
666 2985 779 3058 locum,
802 2984 944 3066 viscoque
965 2988 1114 3050 revinctos

370 3093 531 3172 Appetiere
554 3093 654 3168 uncis,
678 3113 745 3156 nam
768 3103 870 3157 coctos
893 3105 992 3158 crusta
1014 3096 1143 3176 tegebat.

372 3201 433 3262 llos
456 3203 500 3265 sic
523 3203 684 3283 implicitos
707 3214 754 3266 est
775 3205 863 3266 nobis
885 3205 1019 3286 linquere
1041 3208 1147 3269 risum.

843 3467 961 3549 xxlll.

413 3643 474 3703 Nos
496 3642 596 3716 taciti,
620 3643 692 3716 soli,
716 3663 750 3704 ac
772 3643 851 3705 nulla
875 3645 1034 3708 comitante
1057 3654 1182 3716 caterva,

371 3751 526 3824 l'adimus,
550 3763 580 3813 et
600 3763 761 3832 praeeunte
783 3773 858 3826 nno,
881 3773 960 3834 ponc
982 3755 1113 3817 ambulat
1134 3754 1217 3828 alter,

372 3860 498 3936 Quales,
522 3881 597 3942 quos
620 3863 714 3924 nostri
735 3861 855 3926 Fratres
877 3863 977 3927 dixere
998 3865 1140 3940 minores,

367 3971 488 4050 Egressi
512 3971 661 4034 incedunt.
706 3975 841 4035 Animum
865 3973 937 4035 milri
960 3975 1058 4038 fabula
1081 3975 1173 4038 movit

335 4081 497 4161 odesopi,
520 4081 675 4144 historiam
699 4101 787 4144 ranae
811 4083 961 4164 murisque
985 4085 1130 4159 canentis,

369 4191 495 4272 Propter
516 4201 704 4270 praesentem
726 4192 834 4267 rixam,
858 4213 932 4273 quae
956 4193 1095 4256 convenit
1116 4212 1210 4275 aeque

366 4303 409 4364 dc
431 4319 510 4363 nuno
532 4311 621 4381 atque
642 4302 742 4363 modo.
785 4301 916 4383 Namque
939 4305 997 4366 huc
1018 4305 1169 4367 concurrit
1190 4309 1349 4385 utrumque

368 4411 557 4490 Exemplum,
582 4411 635 4474 lira
660 4411 685 4472 si
709 4409 776 4491 quie
799 4431 978 4494 componere
1000 4425 1098 4478 mente

251 4611 657 4621 ———--—-—-—
670 4615 713 4621 —-
723 4615 990 4625 -—--——-—-—-
