<?xml version="1.0" encoding="UTF-8"?>
<!DOCTYPE html PUBLIC "-//W3C//DTD XHTML 1.0 Transitional//EN"
    "http://www.w3.org/TR/xhtml1/DTD/xhtml1-transitional.dtd">
<html xmlns="http://www.w3.org/1999/xhtml" xml:lang="en" lang="en">
 <head>
  <title>
</title>
<meta http-equiv="Content-Type" content="text/html;charset=utf-8" />
  <meta name='ocr-system' content='tesseract 3.04.00' />
  <meta name='ocr-capabilities' content='ocr_page ocr_carea ocr_par ocr_line ocrx_word'/>
</head>
<body>
  <div class='ocr_page' id='page_1' title='image "./divinacomoedia00piazgoog_0320.png"; bbox 0 0 3136 5164; ppageno 0'>
   <div class='ocr_carea' id='block_1_1' title="bbox 550 412 825 466">
    <p class='ocr_par' dir='ltr' id='par_1_1' title="bbox 550 412 825 466">
     <span class='ocr_line' id='line_1_1' title="bbox 550 412 825 466; baseline -0.004 -3"><span class='ocrx_word' id='word_1_1' title='bbox 550 413 732 466; x_wconf 68' lang='lat' dir='ltr'><strong>PHRGATOMI</strong></span> <span class='ocrx_word' id='word_1_2' title='bbox 748 412 825 463; x_wconf 76' lang='lat' dir='ltr'>ffli.</span> 
     </span>
    </p>
   </div>
   <div class='ocr_carea' id='block_1_2' title="bbox 72 631 1139 4564">
    <p class='ocr_par' dir='ltr' id='par_1_2' title="bbox 72 631 1139 4564">
     <span class='ocr_line' id='line_1_2' title="bbox 184 631 901 712; baseline -0.003 -16"><span class='ocrx_word' id='word_1_3' title='bbox 184 634 318 697; x_wconf 80' lang='lat' dir='ltr'>Enmros</span> <span class='ocrx_word' id='word_1_4' title='bbox 337 641 431 706; x_wconf 83' lang='lat' dir='ltr'>vates,</span> <span class='ocrx_word' id='word_1_5' title='bbox 454 649 506 712; x_wconf 79' lang='lat' dir='ltr'>qur</span> <span class='ocrx_word' id='word_1_6' title='bbox 527 631 612 694; x_wconf 78' lang='lat' dir='ltr'>dulei</span> <span class='ocrx_word' id='word_1_7' title='bbox 630 647 761 694; x_wconf 72' lang='lat' dir='ltr'>termine</span> <span class='ocrx_word' id='word_1_8' title='bbox 782 649 901 696; x_wconf 83' lang='lat' dir='ltr'>amores</span> 
     </span>
     <span class='ocr_line' id='line_1_3' title="bbox 97 740 1044 823; baseline -0.003 -14"><span class='ocrx_word' id='word_1_9' title='bbox 97 799 102 810; x_wconf 85' lang='lat'>.</span> <span class='ocrx_word' id='word_1_10' title='bbox 184 744 257 806; x_wconf 85' lang='lat' dir='ltr'>Tun</span> <span class='ocrx_word' id='word_1_11' title='bbox 280 743 353 806; x_wconf 85' lang='lat' dir='ltr'>sulti</span> <span class='ocrx_word' id='word_1_12' title='bbox 375 741 513 804; x_wconf 78' lang='lat' dir='ltr'>cecinere</span> <span class='ocrx_word' id='word_1_13' title='bbox 536 759 618 804; x_wconf 87' lang='lat' dir='ltr'>suos.</span> <span class='ocrx_word' id='word_1_14' title='bbox 660 741 724 820; x_wconf 72' lang='lat' dir='ltr'>Ego</span> <span class='ocrx_word' id='word_1_15' title='bbox 746 749 856 815; x_wconf 82' lang='lat' dir='ltr'>nutus,</span> <span class='ocrx_word' id='word_1_16' title='bbox 879 750 911 804; x_wconf 86' lang='lat' dir='ltr'>et</span> <span class='ocrx_word' id='word_1_17' title='bbox 930 740 1044 823; x_wconf 80' lang='lat' dir='ltr'>absque</span> 
     </span>
     <span class='ocr_line' id='line_1_4' title="bbox 184 851 858 917; baseline -0.004 -2"><span class='ocrx_word' id='word_1_18' title='bbox 184 853 312 916; x_wconf 82' lang='lat' dir='ltr'>Auditus</span> <span class='ocrx_word' id='word_1_19' title='bbox 334 871 426 917; x_wconf 88' lang='lat' dir='ltr'>sensu</span> <span class='ocrx_word' id='word_1_20' title='bbox 448 859 589 914; x_wconf 81' lang='lat' dir='ltr'>steteram</span> <span class='ocrx_word' id='word_1_21' title='bbox 609 851 724 914; x_wconf 80' lang='lat' dir='ltr'>defixus</span> <span class='ocrx_word' id='word_1_22' title='bbox 746 851 777 912; x_wconf 89' lang='lat' dir='ltr'>in</span> <span class='ocrx_word' id='word_1_23' title='bbox 799 851 858 912; x_wconf 86' lang='lat' dir='ltr'>iste</span> 
     </span>
     <span class='ocr_line' id='line_1_5' title="bbox 137 959 1032 1042; baseline -0.002 -16"><span class='ocrx_word' id='word_1_24' title='bbox 137 982 169 1036; x_wconf 69' lang='lat' dir='ltr'>en</span> <span class='ocrx_word' id='word_1_25' title='bbox 184 965 250 1026; x_wconf 86' lang='lat' dir='ltr'>Uno</span> <span class='ocrx_word' id='word_1_26' title='bbox 273 963 417 1042; x_wconf 77' lang='lat' dir='ltr'>haesiqne</span> <span class='ocrx_word' id='word_1_27' title='bbox 438 961 491 1024; x_wconf 88' lang='lat' dir='ltr'>diu</span> <span class='ocrx_word' id='word_1_28' title='bbox 512 961 657 1042; x_wconf 78' lang='lat' dir='ltr'>pendens,</span> <span class='ocrx_word' id='word_1_29' title='bbox 680 977 746 1034; x_wconf 80' lang='lat' dir='ltr'>nes,</span> <span class='ocrx_word' id='word_1_30' title='bbox 768 969 873 1022; x_wconf 78' lang='lat' dir='ltr'>centus</span> <span class='ocrx_word' id='word_1_31' title='bbox 894 959 931 1022; x_wconf 80' lang='lat' dir='ltr'>ab</span> <span class='ocrx_word' id='word_1_32' title='bbox 952 961 1032 1038; x_wconf 80' lang='lat' dir='ltr'>igne,</span> 
     </span>
     <span class='ocr_line' id='line_1_6' title="bbox 185 1069 973 1152; baseline -0.003 -18"><span class='ocrx_word' id='word_1_33' title='bbox 185 1074 308 1135; x_wconf 77' lang='lat' dir='ltr'><strong>Accessi</strong></span> <span class='ocrx_word' id='word_1_34' title='bbox 328 1071 467 1152; x_wconf 87' lang='lat' dir='ltr'>propius.</span> <span class='ocrx_word' id='word_1_35' title='bbox 509 1071 671 1150; x_wconf 77' lang='lat' dir='ltr'>Postquam</span> <span class='ocrx_word' id='word_1_36' title='bbox 694 1077 825 1132; x_wconf 76' lang='lat' dir='ltr'>saturata</span> <span class='ocrx_word' id='word_1_37' title='bbox 844 1069 973 1134; x_wconf 81' lang='lat' dir='ltr'>videndo</span> 
     </span>
     <span class='ocr_line' id='line_1_7' title="bbox 185 1177 1041 1260; baseline -0.002 -16"><span class='ocrx_word' id='word_1_38' title='bbox 185 1182 293 1245; x_wconf 75' lang='lat' dir='ltr'>Nostra</span> <span class='ocrx_word' id='word_1_39' title='bbox 315 1181 397 1245; x_wconf 81' lang='lat' dir='ltr'>ecies</span> <span class='ocrx_word' id='word_1_40' title='bbox 417 1181 523 1254; x_wconf 63' lang='lat' dir='ltr'>iuuet,</span> <span class='ocrx_word' id='word_1_41' title='bbox 545 1197 621 1258; x_wconf 83' lang='lat' dir='ltr'>qnae</span> <span class='ocrx_word' id='word_1_42' title='bbox 641 1177 738 1252; x_wconf 75' lang='lat' dir='ltr'>veliet,</span> <span class='ocrx_word' id='word_1_43' title='bbox 761 1186 868 1242; x_wconf 82' lang='lat' dir='ltr'>ennete</span> <span class='ocrx_word' id='word_1_44' title='bbox 890 1180 1041 1260; x_wconf 83' lang='lat' dir='ltr'>spopondi</span> 
     </span>
     <span class='ocr_line' id='line_1_8' title="bbox 185 1288 998 1369; baseline -0.004 -14"><span class='ocrx_word' id='word_1_45' title='bbox 185 1292 266 1355; x_wconf 84' lang='lat' dir='ltr'>iisse</span> <span class='ocrx_word' id='word_1_46' title='bbox 287 1309 336 1352; x_wconf 88' lang='lat' dir='ltr'>me</span> <span class='ocrx_word' id='word_1_47' title='bbox 357 1291 515 1362; x_wconf 76' lang='lat' dir='ltr'>factumn,</span> <span class='ocrx_word' id='word_1_48' title='bbox 538 1291 718 1352; x_wconf 81' lang='lat' dir='ltr'>confirmans</span> <span class='ocrx_word' id='word_1_49' title='bbox 740 1289 867 1369; x_wconf 83' lang='lat' dir='ltr'>plurime</span> <span class='ocrx_word' id='word_1_50' title='bbox 887 1288 998 1362; x_wconf 81' lang='lat' dir='ltr'>verbis,</span> 
     </span>
     <span class='ocr_line' id='line_1_9' title="bbox 186 1397 1082 1480; baseline -0.004 -16"><span class='ocrx_word' id='word_1_51' title='bbox 186 1403 300 1480; x_wconf 85' lang='lat' dir='ltr'>Cuique</span> <span class='ocrx_word' id='word_1_52' title='bbox 322 1399 423 1461; x_wconf 84' lang='lat' dir='ltr'>enimn</span> <span class='ocrx_word' id='word_1_53' title='bbox 444 1400 558 1462; x_wconf 80' lang='lat' dir='ltr'>tactura</span> <span class='ocrx_word' id='word_1_54' title='bbox 580 1399 680 1460; x_wconf 82' lang='lat' dir='ltr'>iidem.</span> <span class='ocrx_word' id='word_1_55' title='bbox 701 1431 744 1444; x_wconf 91' lang='lat'>—-</span> <span class='ocrx_word' id='word_1_56' title='bbox 764 1399 803 1460; x_wconf 78' lang='lat' dir='ltr'>At</span> <span class='ocrx_word' id='word_1_57' title='bbox 823 1398 869 1460; x_wconf 84' lang='lat' dir='ltr'>sie</span> <span class='ocrx_word' id='word_1_58' title='bbox 890 1397 997 1479; x_wconf 76' lang='lat' dir='ltr'>insipit</span> <span class='ocrx_word' id='word_1_59' title='bbox 1017 1398 1082 1462; x_wconf 89' lang='lat' dir='ltr'>iiie:</span> 
     </span>
     <span class='ocr_line' id='line_1_10' title="bbox 124 1507 892 1588; baseline -0.008 -12"><span class='ocrx_word' id='word_1_60' title='bbox 124 1525 169 1577; x_wconf 84' lang='lat' dir='ltr'>lto</span> <span class='ocrx_word' id='word_1_61' title='bbox 185 1513 223 1574; x_wconf 89' lang='lat' dir='ltr'>Ut</span> <span class='ocrx_word' id='word_1_62' title='bbox 243 1510 335 1573; x_wconf 78' lang='lat' dir='ltr'>diditi</span> <span class='ocrx_word' id='word_1_63' title='bbox 357 1507 469 1582; x_wconf 76' lang='lat' dir='ltr'>auditu,</span> <span class='ocrx_word' id='word_1_64' title='bbox 492 1517 562 1588; x_wconf 81' lang='lat' dir='ltr'>post</span> <span class='ocrx_word' id='word_1_65' title='bbox 583 1515 612 1570; x_wconf 86' lang='lat' dir='ltr'>te</span> <span class='ocrx_word' id='word_1_66' title='bbox 633 1508 892 1588; x_wconf 77' lang='lat' dir='ltr'>vestigia-linquis</span> 
     </span>
     <span class='ocr_line' id='line_1_11' title="bbox 185 1617 1055 1698; baseline -0.005 -14"><span class='ocrx_word' id='word_1_67' title='bbox 185 1621 269 1684; x_wconf 79' lang='lat' dir='ltr'>Talia</span> <span class='ocrx_word' id='word_1_68' title='bbox 291 1627 321 1682; x_wconf 86' lang='lat' dir='ltr'>et</span> <span class='ocrx_word' id='word_1_69' title='bbox 341 1637 438 1698; x_wconf 89' lang='lat' dir='ltr'>usque</span> <span class='ocrx_word' id='word_1_70' title='bbox 459 1618 535 1680; x_wconf 81' lang='lat' dir='ltr'>edes</span> <span class='ocrx_word' id='word_1_71' title='bbox 557 1617 648 1692; x_wconf 80' lang='lat' dir='ltr'>elene,</span> <span class='ocrx_word' id='word_1_72' title='bbox 670 1626 780 1680; x_wconf 83' lang='lat' dir='ltr'>utnec</span> <span class='ocrx_word' id='word_1_73' title='bbox 800 1618 924 1680; x_wconf 82' lang='lat' dir='ltr'>flumine</span> <span class='ocrx_word' id='word_1_74' title='bbox 943 1618 1055 1682; x_wconf 87' lang='lat' dir='ltr'>Lethes</span> 
     </span>
     <span class='ocr_line' id='line_1_12' title="bbox 184 1727 947 1807; baseline -0.004 -14"><span class='ocrx_word' id='word_1_75' title='bbox 184 1729 266 1793; x_wconf 79' lang='lat' dir='ltr'>flues</span> <span class='ocrx_word' id='word_1_76' title='bbox 287 1727 408 1791; x_wconf 81' lang='lat' dir='ltr'>abolere</span> <span class='ocrx_word' id='word_1_77' title='bbox 430 1735 549 1806; x_wconf 72' lang='lat' dir='ltr'>queunt,</span> <span class='ocrx_word' id='word_1_78' title='bbox 573 1735 625 1789; x_wconf 85' lang='lat' dir='ltr'>eut</span> <span class='ocrx_word' id='word_1_79' title='bbox 646 1729 795 1791; x_wconf 78' lang='lat' dir='ltr'>offuscare</span> <span class='ocrx_word' id='word_1_80' title='bbox 817 1728 947 1807; x_wconf 77' lang='lat' dir='ltr'>nigrore.</span> 
     </span>
     <span class='ocr_line' id='line_1_13' title="bbox 183 1836 823 1917; baseline -0.003 -15"><span class='ocrx_word' id='word_1_81' title='bbox 183 1841 222 1902; x_wconf 80' lang='lat' dir='ltr'>tt</span> <span class='ocrx_word' id='word_1_82' title='bbox 241 1847 292 1900; x_wconf 81' lang='lat' dir='ltr'>tus</span> <span class='ocrx_word' id='word_1_83' title='bbox 316 1837 342 1899; x_wconf 88' lang='lat' dir='ltr'>si</span> <span class='ocrx_word' id='word_1_84' title='bbox 364 1855 466 1900; x_wconf 83' lang='lat' dir='ltr'>verum</span> <span class='ocrx_word' id='word_1_85' title='bbox 484 1836 595 1917; x_wconf 80' lang='lat' dir='ltr'>jurarit</span> <span class='ocrx_word' id='word_1_86' title='bbox 614 1837 674 1900; x_wconf 82' lang='lat' dir='ltr'>iidn</span> <span class='ocrx_word' id='word_1_87' title='bbox 694 1837 823 1917; x_wconf 82' lang='lat' dir='ltr'>loquele,</span> 
     </span>
     <span class='ocr_line' id='line_1_14' title="bbox 185 1945 1083 2026; baseline 0.002 -15"><span class='ocrx_word' id='word_1_88' title='bbox 185 1949 239 2011; x_wconf 81' lang='lat' dir='ltr'>Dis</span> <span class='ocrx_word' id='word_1_89' title='bbox 259 1948 344 2021; x_wconf 86' lang='lat' dir='ltr'>mihi,</span> <span class='ocrx_word' id='word_1_90' title='bbox 366 1965 421 2010; x_wconf 85' lang='lat' dir='ltr'>eur</span> <span class='ocrx_word' id='word_1_91' title='bbox 441 1955 493 2008; x_wconf 85' lang='lat' dir='ltr'>tun</span> <span class='ocrx_word' id='word_1_92' title='bbox 514 1945 594 2008; x_wconf 82' lang='lat' dir='ltr'>dictu</span> <span class='ocrx_word' id='word_1_93' title='bbox 615 1946 754 2026; x_wconf 70' lang='lat' dir='ltr'>ornique</span> <span class='ocrx_word' id='word_1_94' title='bbox 776 1954 807 2008; x_wconf 90' lang='lat' dir='ltr'>et</span> <span class='ocrx_word' id='word_1_95' title='bbox 826 1956 929 2026; x_wconf 77' lang='lat' dir='ltr'>gestus</span> <span class='ocrx_word' id='word_1_96' title='bbox 950 1965 1083 2012; x_wconf 79' lang='lat' dir='ltr'>amorem</span> 
     </span>
     <span class='ocr_line' id='line_1_15' title="bbox 123 2053 1139 2137; baseline 0 -17"><span class='ocrx_word' id='word_1_97' title='bbox 123 2071 168 2128; x_wconf 77' lang='lat'>105</span> <span class='ocrx_word' id='word_1_98' title='bbox 186 2058 220 2121; x_wconf 88' lang='lat' dir='ltr'>in</span> <span class='ocrx_word' id='word_1_99' title='bbox 241 2077 290 2120; x_wconf 88' lang='lat' dir='ltr'>1ne</span> <span class='ocrx_word' id='word_1_100' title='bbox 312 2065 507 2137; x_wconf 82' lang='lat' dir='ltr'>praepertsnt</span> <span class='ocrx_word' id='word_1_101' title='bbox 526 2053 666 2118; x_wconf 76' lang='lat' dir='ltr'>tanturn?</span> <span class='ocrx_word' id='word_1_102' title='bbox 687 2088 730 2102; x_wconf 91' lang='lat'>-</span> <span class='ocrx_word' id='word_1_103' title='bbox 750 2056 828 2118; x_wconf 83' lang='lat' dir='ltr'>Huie</span> <span class='ocrx_word' id='word_1_104' title='bbox 849 2075 905 2136; x_wconf 78' lang='lat' dir='ltr'>ege</span> <span class='ocrx_word' id='word_1_105' title='bbox 927 2056 997 2120; x_wconf 80' lang='lat' dir='ltr'>telis</span> <span class='ocrx_word' id='word_1_106' title='bbox 1019 2067 1139 2120; x_wconf 86' lang='lat' dir='ltr'>eontra:</span> 
     </span>
     <span class='ocr_line' id='line_1_16' title="bbox 184 2165 1061 2248; baseline 0.001 -17"><span class='ocrx_word' id='word_1_107' title='bbox 184 2167 299 2242; x_wconf 80' lang='lat' dir='ltr'>Dulcis,</span> <span class='ocrx_word' id='word_1_108' title='bbox 323 2185 399 2246; x_wconf 73' lang='lat' dir='ltr'>quise</span> <span class='ocrx_word' id='word_1_109' title='bbox 421 2165 572 2246; x_wconf 84' lang='lat' dir='ltr'>quendam</span> <span class='ocrx_word' id='word_1_110' title='bbox 594 2166 737 2240; x_wconf 76' lang='lat' dir='ltr'>cecinisti,</span> <span class='ocrx_word' id='word_1_111' title='bbox 761 2165 902 2240; x_wconf 80' lang='lat' dir='ltr'>carmine,</span> <span class='ocrx_word' id='word_1_112' title='bbox 925 2185 1061 2248; x_wconf 83' lang='lat' dir='ltr'>quaeque</span> 
     </span>
     <span class='ocr_line' id='line_1_17' title="bbox 185 2273 931 2356; baseline -0.003 -18"><span class='ocrx_word' id='word_1_113' title='bbox 185 2277 258 2340; x_wconf 81' lang='lat' dir='ltr'>&#39;l&#39;sm</span> <span class='ocrx_word' id='word_1_114' title='bbox 281 2285 350 2340; x_wconf 88' lang='lat' dir='ltr'>suut</span> <span class='ocrx_word' id='word_1_115' title='bbox 371 2276 512 2348; x_wconf 77' lang='lat' dir='ltr'>duratum</span> <span class='ocrx_word' id='word_1_116' title='bbox 534 2275 596 2349; x_wconf 87' lang='lat' dir='ltr'>diu,</span> <span class='ocrx_word' id='word_1_117' title='bbox 619 2293 709 2356; x_wconf 66' lang='lat' dir='ltr'>niem</span> <span class='ocrx_word' id='word_1_118' title='bbox 729 2273 795 2353; x_wconf 75' lang='lat' dir='ltr'>lege</span> <span class='ocrx_word' id='word_1_119' title='bbox 816 2275 931 2338; x_wconf 83' lang='lat' dir='ltr'>recenti</span> 
     </span>
     <span class='ocr_line' id='line_1_18' title="bbox 183 2385 891 2465; baseline -0.004 -16"><span class='ocrx_word' id='word_1_120' title='bbox 183 2387 268 2450; x_wconf 74' lang='lat' dir='ltr'>Musa</span> <span class='ocrx_word' id='word_1_121' title='bbox 291 2387 343 2448; x_wconf 87' lang='lat' dir='ltr'>diu</span> <span class='ocrx_word' id='word_1_122' title='bbox 362 2393 470 2459; x_wconf 78' lang='lat' dir='ltr'>utetur,</span> <span class='ocrx_word' id='word_1_123' title='bbox 492 2385 623 2465; x_wconf 79' lang='lat' dir='ltr'>pretiosa</span> <span class='ocrx_word' id='word_1_124' title='bbox 644 2393 675 2448; x_wconf 84' lang='lat' dir='ltr'>st</span> <span class='ocrx_word' id='word_1_125' title='bbox 695 2403 763 2448; x_wconf 80' lang='lat' dir='ltr'>cers</span> <span class='ocrx_word' id='word_1_126' title='bbox 784 2385 891 2447; x_wconf 80' lang='lat' dir='ltr'>suturis</span> 
     </span>
     <span class='ocr_line' id='line_1_19' title="bbox 185 2492 1082 2577; baseline -0.003 -17"><span class='ocrx_word' id='word_1_127' title='bbox 185 2497 303 2577; x_wconf 80' lang='lat' dir='ltr'>Scripta</span> <span class='ocrx_word' id='word_1_128' title='bbox 324 2503 374 2558; x_wconf 84' lang='lat' dir='ltr'>tua</span> <span class='ocrx_word' id='word_1_129' title='bbox 395 2495 535 2561; x_wconf 81' lang='lat' dir='ltr'>efficient.</span> <span class='ocrx_word' id='word_1_130' title='bbox 580 2493 605 2558; x_wconf 89' lang='lat'>0</span> <span class='ocrx_word' id='word_1_131' title='bbox 628 2495 729 2567; x_wconf 80' lang='lat' dir='ltr'>freter,</span> <span class='ocrx_word' id='word_1_132' title='bbox 752 2511 841 2574; x_wconf 89' lang='lat' dir='ltr'>quem</span> <span class='ocrx_word' id='word_1_133' title='bbox 862 2492 917 2556; x_wconf 80' lang='lat' dir='ltr'>uhi</span> <span class='ocrx_word' id='word_1_134' title='bbox 938 2501 1082 2570; x_wconf 84' lang='lat' dir='ltr'>monstro,</span> 
     </span>
     <span class='ocr_line' id='line_1_20' title="bbox 124 2603 1074 2686; baseline -0.007 -12"><span class='ocrx_word' id='word_1_135' title='bbox 124 2607 235 2685; x_wconf 83' lang='lat' dir='ltr'>11⁰(1it</span> <span class='ocrx_word' id='word_1_136' title='bbox 256 2606 348 2686; x_wconf 74' lang='lat' dir='ltr'>digitu</span> <span class='ocrx_word' id='word_1_137' title='bbox 369 2623 442 2686; x_wconf 83' lang='lat' dir='ltr'>pree</span> <span class='ocrx_word' id='word_1_138' title='bbox 464 2624 498 2668; x_wconf 84' lang='lat' dir='ltr'>se</span> <span class='ocrx_word' id='word_1_139' title='bbox 521 2611 647 2668; x_wconf 84' lang='lat' dir='ltr'>stentem</span> <span class='ocrx_word' id='word_1_140' title='bbox 670 2604 711 2666; x_wconf 91' lang='lat' dir='ltr'>mi</span> <span class='ocrx_word' id='word_1_141' title='bbox 733 2603 906 2666; x_wconf 84' lang='lat' dir='ltr'>ostenderet</span> <span class='ocrx_word' id='word_1_142' title='bbox 926 2604 1074 2682; x_wconf 81' lang='lat' dir='ltr'>umbram)</span> 
     </span>
     <span class='ocr_line' id='line_1_21' title="bbox 184 2713 1021 2794; baseline -0.004 -15"><span class='ocrx_word' id='word_1_143' title='bbox 184 2717 336 2780; x_wconf 74' lang='lat' dir='ltr'>Maternae</span> <span class='ocrx_word' id='word_1_144' title='bbox 359 2715 414 2778; x_wconf 80' lang='lat' dir='ltr'>suit</span> <span class='ocrx_word' id='word_1_145' title='bbox 434 2714 492 2776; x_wconf 83' lang='lat' dir='ltr'>hie</span> <span class='ocrx_word' id='word_1_146' title='bbox 504 2714 624 2793; x_wconf 71' lang='lat' dir='ltr'>linguae</span> <span class='ocrx_word' id='word_1_147' title='bbox 645 2713 729 2776; x_wconf 80' lang='lat' dir='ltr'>seber</span> <span class='ocrx_word' id='word_1_148' title='bbox 748 2713 892 2794; x_wconf 83' lang='lat' dir='ltr'>optimus,</span> <span class='ocrx_word' id='word_1_149' title='bbox 912 2713 1021 2794; x_wconf 85' lang='lat' dir='ltr'>inquit.</span> 
     </span>
     <span class='ocr_line' id='line_1_22' title="bbox 185 2822 1014 2898; baseline -0.005 -8"><span class='ocrx_word' id='word_1_150' title='bbox 185 2826 338 2890; x_wconf 74' lang='lat' dir='ltr'>Praestitit</span> <span class='ocrx_word' id='word_1_151' title='bbox 358 2824 408 2886; x_wconf 88' lang='lat' dir='ltr'>hie</span> <span class='ocrx_word' id='word_1_152' title='bbox 430 2825 555 2898; x_wconf 80' lang='lat' dir='ltr'>cunetis,</span> <span class='ocrx_word' id='word_1_153' title='bbox 577 2831 697 2886; x_wconf 85' lang='lat' dir='ltr'>teneres</span> <span class='ocrx_word' id='word_1_154' title='bbox 719 2841 774 2886; x_wconf 91' lang='lat' dir='ltr'>seu</span> <span class='ocrx_word' id='word_1_155' title='bbox 794 2822 868 2886; x_wconf 89' lang='lat' dir='ltr'>lusit</span> <span class='ocrx_word' id='word_1_156' title='bbox 887 2825 1014 2896; x_wconf 78' lang='lat' dir='ltr'>emeres,</span> 
     </span>
     <span class='ocr_line' id='line_1_23' title="bbox 186 2931 956 3014; baseline -0.004 -17"><span class='ocrx_word' id='word_1_157' title='bbox 186 2934 322 2998; x_wconf 79' lang='lat' dir='ltr'>Tradidit</span> <span class='ocrx_word' id='word_1_158' title='bbox 342 2942 395 2996; x_wconf 83' lang='lat' dir='ltr'>ent</span> <span class='ocrx_word' id='word_1_159' title='bbox 414 2933 536 3014; x_wconf 83' lang='lat' dir='ltr'>seriptis</span> <span class='ocrx_word' id='word_1_160' title='bbox 557 2931 723 2997; x_wconf 74' lang='lat' dir='ltr'>renunties</span> <span class='ocrx_word' id='word_1_161' title='bbox 744 2933 810 3012; x_wconf 80' lang='lat' dir='ltr'>lege</span> <span class='ocrx_word' id='word_1_162' title='bbox 832 2931 956 3008; x_wconf 84' lang='lat' dir='ltr'>selutis;</span> 
     </span>
     <span class='ocr_line' id='line_1_24' title="bbox 185 3042 1058 3124; baseline -0.002 -16"><span class='ocrx_word' id='word_1_163' title='bbox 185 3046 223 3108; x_wconf 81' lang='lat' dir='ltr'>Et</span> <span class='ocrx_word' id='word_1_164' title='bbox 245 3046 311 3108; x_wconf 87' lang='lat' dir='ltr'>sine</span> <span class='ocrx_word' id='word_1_165' title='bbox 334 3051 441 3124; x_wconf 82' lang='lat' dir='ltr'>sponte</span> <span class='ocrx_word' id='word_1_166' title='bbox 462 3043 545 3124; x_wconf 87' lang='lat' dir='ltr'>isqui</span> <span class='ocrx_word' id='word_1_167' title='bbox 566 3042 684 3118; x_wconf 68' lang='lat' dir='ltr'>sunites,</span> <span class='ocrx_word' id='word_1_168' title='bbox 707 3043 759 3122; x_wconf 88' lang='lat' dir='ltr'>qui</span> <span class='ocrx_word' id='word_1_169' title='bbox 780 3043 894 3116; x_wconf 69' lang='lat' dir='ltr'>anteire</span> <span class='ocrx_word' id='word_1_170' title='bbox 915 3051 1058 3123; x_wconf 76' lang='lat' dir='ltr'>putarunt</span> 
     </span>
     <span class='ocr_line' id='line_1_25' title="bbox 126 3151 913 3224; baseline -0.013 0"><span class='ocrx_word' id='word_1_171' title='bbox 126 3170 170 3224; x_wconf 78' lang='grc'>111</span> <span class='ocrx_word' id='word_1_172' title='bbox 185 3155 409 3218; x_wconf 73' lang='lat' dir='ltr'>Lenoncsnnu.</span> <span class='ocrx_word' id='word_1_173' title='bbox 451 3153 517 3216; x_wconf 80' lang='lat' dir='ltr'>iios</span> <span class='ocrx_word' id='word_1_174' title='bbox 538 3161 585 3216; x_wconf 88' lang='lat' dir='ltr'>est</span> <span class='ocrx_word' id='word_1_175' title='bbox 604 3152 654 3214; x_wconf 88' lang='lat' dir='ltr'>his</span> <span class='ocrx_word' id='word_1_176' title='bbox 675 3151 780 3214; x_wconf 85' lang='lat' dir='ltr'>toliere</span> <span class='ocrx_word' id='word_1_177' title='bbox 800 3151 913 3215; x_wconf 79' lang='lat' dir='ltr'>nultum</span> 
     </span>
     <span class='ocr_line' id='line_1_26' title="bbox 185 3261 1060 3343; baseline -0.003 -16"><span class='ocrx_word' id='word_1_178' title='bbox 185 3265 258 3328; x_wconf 86' lang='lat' dir='ltr'>Plus</span> <span class='ocrx_word' id='word_1_179' title='bbox 281 3263 318 3326; x_wconf 82' lang='lat' dir='ltr'>sd</span> <span class='ocrx_word' id='word_1_180' title='bbox 340 3281 500 3336; x_wconf 86' lang='lat' dir='ltr'>rumorem,</span> <span class='ocrx_word' id='word_1_181' title='bbox 523 3281 612 3343; x_wconf 85' lang='lat' dir='ltr'>quem</span> <span class='ocrx_word' id='word_1_182' title='bbox 632 3269 732 3324; x_wconf 85' lang='lat' dir='ltr'>mente</span> <span class='ocrx_word' id='word_1_183' title='bbox 752 3261 922 3342; x_wconf 83' lang='lat' dir='ltr'>expendere</span> <span class='ocrx_word' id='word_1_184' title='bbox 942 3281 1060 3337; x_wconf 73' lang='lat' dir='ltr'>vernum</span> 
     </span>
     <span class='ocr_line' id='line_1_27' title="bbox 186 3370 1087 3453; baseline -0.002 -17"><span class='ocrx_word' id='word_1_185' title='bbox 186 3375 239 3436; x_wconf 84' lang='lat' dir='ltr'>Sic</span> <span class='ocrx_word' id='word_1_186' title='bbox 258 3373 343 3453; x_wconf 88' lang='lat' dir='ltr'>prius</span> <span class='ocrx_word' id='word_1_187' title='bbox 366 3372 525 3436; x_wconf 82' lang='lat' dir='ltr'>obfirment</span> <span class='ocrx_word' id='word_1_188' title='bbox 544 3372 686 3445; x_wconf 73' lang='lat' dir='ltr'>animum,</span> <span class='ocrx_word' id='word_1_189' title='bbox 710 3391 798 3452; x_wconf 82' lang='lat' dir='ltr'>quern</span> <span class='ocrx_word' id='word_1_190' title='bbox 819 3372 922 3435; x_wconf 83' lang='lat' dir='ltr'>audire</span> <span class='ocrx_word' id='word_1_191' title='bbox 942 3370 1087 3447; x_wconf 73' lang='lat' dir='ltr'>laborent,</span> 
     </span>
     <span class='ocr_line' id='line_1_28' title="bbox 187 3481 1065 3562; baseline 0 -18"><span class='ocrx_word' id='word_1_192' title='bbox 187 3483 266 3557; x_wconf 82' lang='lat' dir='ltr'>Quid</span> <span class='ocrx_word' id='word_1_193' title='bbox 288 3482 364 3544; x_wconf 84' lang='lat' dir='ltr'>retis</span> <span class='ocrx_word' id='word_1_194' title='bbox 386 3481 494 3561; x_wconf 83' lang='lat' dir='ltr'>quidve</span> <span class='ocrx_word' id='word_1_195' title='bbox 514 3499 566 3542; x_wconf 81' lang='lat' dir='ltr'>ers</span> <span class='ocrx_word' id='word_1_196' title='bbox 587 3489 723 3562; x_wconf 81' lang='lat' dir='ltr'>possent</span> <span class='ocrx_word' id='word_1_197' title='bbox 765 3481 818 3544; x_wconf 83' lang='lat' dir='ltr'>Sis</span> <span class='ocrx_word' id='word_1_198' title='bbox 837 3481 929 3544; x_wconf 84' lang='lat' dir='ltr'>multe</span> <span class='ocrx_word' id='word_1_199' title='bbox 948 3490 1065 3544; x_wconf 83' lang='lat' dir='ltr'>vetusto</span> 
     </span>
     <span class='ocr_line' id='line_1_29' title="bbox 185 3589 900 3671; baseline 0 -17"><span class='ocrx_word' id='word_1_200' title='bbox 185 3593 230 3654; x_wconf 81' lang='lat' dir='ltr'>En</span> <span class='ocrx_word' id='word_1_201' title='bbox 252 3611 325 3654; x_wconf 82' lang='lat' dir='ltr'>nevo</span> <span class='ocrx_word' id='word_1_202' title='bbox 348 3591 462 3671; x_wconf 80' lang='lat' dir='ltr'>stupuit</span> <span class='ocrx_word' id='word_1_203' title='bbox 483 3591 659 3653; x_wconf 78' lang='lat' dir='ltr'>Gurrrnunu</span> <span class='ocrx_word' id='word_1_204' title='bbox 681 3589 776 3665; x_wconf 81' lang='lat' dir='ltr'>turbe,</span> <span class='ocrx_word' id='word_1_205' title='bbox 798 3601 900 3654; x_wconf 79' lang='lat' dir='ltr'>secuta</span> 
     </span>
     <span class='ocr_line' id='line_1_30' title="bbox 124 3700 1019 3780; baseline 0.003 -20"><span class='ocrx_word' id='word_1_206' title='bbox 124 3708 170 3762; x_wconf 77' lang='lat' dir='ltr'>itt</span> <span class='ocrx_word' id='word_1_207' title='bbox 186 3701 319 3780; x_wconf 77' lang='lat' dir='ltr'>Vulgata,</span> <span class='ocrx_word' id='word_1_208' title='bbox 342 3701 432 3780; x_wconf 89' lang='lat' dir='ltr'>inque</span> <span class='ocrx_word' id='word_1_209' title='bbox 453 3700 533 3764; x_wconf 86' lang='lat' dir='ltr'>diem</span> <span class='ocrx_word' id='word_1_210' title='bbox 555 3701 718 3764; x_wconf 83' lang='lat' dir='ltr'>creseentie</span> <span class='ocrx_word' id='word_1_211' title='bbox 739 3717 892 3764; x_wconf 81' lang='lat' dir='ltr'>murmure</span> <span class='ocrx_word' id='word_1_212' title='bbox 912 3702 1019 3775; x_wconf 80' lang='lat' dir='ltr'>inmas,</span> 
     </span>
     <span class='ocr_line' id='line_1_31' title="bbox 185 3809 899 3884; baseline 0 -10"><span class='ocrx_word' id='word_1_213' title='bbox 185 3811 273 3874; x_wconf 88' lang='lat' dir='ltr'>Illum</span> <span class='ocrx_word' id='word_1_214' title='bbox 295 3809 460 3884; x_wconf 80' lang='lat' dir='ltr'>leudsnd03</span> <span class='ocrx_word' id='word_1_215' title='bbox 481 3829 585 3872; x_wconf 87' lang='lat' dir='ltr'>verum</span> <span class='ocrx_word' id='word_1_216' title='bbox 605 3811 765 3874; x_wconf 79' lang='lat' dir='ltr'>certamine</span> <span class='ocrx_word' id='word_1_217' title='bbox 786 3809 819 3873; x_wconf 93' lang='lat' dir='ltr'>in</span> <span class='ocrx_word' id='word_1_218' title='bbox 840 3811 899 3874; x_wconf 86' lang='lat' dir='ltr'>isto</span> 
     </span>
     <span class='ocr_line' id='line_1_32' title="bbox 185 3917 952 3984; baseline 0.003 -2"><span class='ocrx_word' id='word_1_219' title='bbox 185 3920 293 3983; x_wconf 87' lang='lat' dir='ltr'>Plures</span> <span class='ocrx_word' id='word_1_220' title='bbox 315 3919 353 3982; x_wconf 85' lang='lat' dir='ltr'>de</span> <span class='ocrx_word' id='word_1_221' title='bbox 375 3919 487 3982; x_wconf 84' lang='lat' dir='ltr'>nostris</span> <span class='ocrx_word' id='word_1_222' title='bbox 507 3917 594 3982; x_wconf 87' lang='lat' dir='ltr'>illum</span> <span class='ocrx_word' id='word_1_223' title='bbox 614 3921 773 3984; x_wconf 82' lang='lat' dir='ltr'>estendere</span> <span class='ocrx_word' id='word_1_224' title='bbox 793 3921 952 3984; x_wconf 85' lang='lat' dir='ltr'>minorem.</span> 
     </span>
     <span class='ocr_line' id='line_1_33' title="bbox 230 4029 1048 4111; baseline 0.005 -21"><span class='ocrx_word' id='word_1_225' title='bbox 230 4029 318 4103; x_wconf 84' lang='lat' dir='ltr'>Quod</span> <span class='ocrx_word' id='word_1_226' title='bbox 341 4030 368 4092; x_wconf 91' lang='lat' dir='ltr'>si</span> <span class='ocrx_word' id='word_1_227' title='bbox 389 4037 469 4092; x_wconf 78' lang='lat' dir='ltr'>teuta</span> <span class='ocrx_word' id='word_1_228' title='bbox 490 4035 573 4108; x_wconf 83' lang='lat' dir='ltr'>petet</span> <span class='ocrx_word' id='word_1_229' title='bbox 592 4031 677 4111; x_wconf 76' lang='lat' dir='ltr'>privo</span> <span class='ocrx_word' id='word_1_230' title='bbox 699 4030 754 4092; x_wconf 88' lang='lat' dir='ltr'>tibi</span> <span class='ocrx_word' id='word_1_231' title='bbox 774 4031 877 4108; x_wconf 75' lang='lat' dir='ltr'>gretie,</span> <span class='ocrx_word' id='word_1_232' title='bbox 899 4040 933 4093; x_wconf 90' lang='lat' dir='ltr'>ut</span> <span class='ocrx_word' id='word_1_233' title='bbox 953 4031 1048 4096; x_wconf 87' lang='lat' dir='ltr'>intres</span> 
     </span>
     <span class='ocr_line' id='line_1_34' title="bbox 186 4138 1095 4213; baseline 0.002 -11"><span class='ocrx_word' id='word_1_234' title='bbox 186 4139 366 4213; x_wconf 73' lang='lat' dir='ltr'>claustrum,</span> <span class='ocrx_word' id='word_1_235' title='bbox 387 4138 440 4202; x_wconf 86' lang='lat' dir='ltr'>ubi</span> <span class='ocrx_word' id='word_1_236' title='bbox 463 4138 600 4202; x_wconf 84' lang='lat' dir='ltr'>Christus</span> <span class='ocrx_word' id='word_1_237' title='bbox 621 4139 708 4202; x_wconf 82' lang='lat' dir='ltr'>adest</span> <span class='ocrx_word' id='word_1_238' title='bbox 728 4141 786 4204; x_wconf 82' lang='lat' dir='ltr'>coli</span> <span class='ocrx_word' id='word_1_239' title='bbox 824 4145 885 4204; x_wconf 83' lang='lat' dir='ltr'>im</span> <span class='ocrx_word' id='word_1_240' title='bbox 921 4142 999 4204; x_wconf 84' lang='lat' dir='ltr'>irnus</span> <span class='ocrx_word' id='word_1_241' title='bbox 1057 4139 1095 4204; x_wconf 82' lang='lat' dir='ltr'>be</span> 
     </span>
     <span class='ocr_line' id='line_1_35' title="bbox 74 4140 1123 4339; baseline 0.003 -27"><span class='ocrx_word' id='word_1_242' title='bbox 74 4182 77 4339; x_wconf 48' lang='grc' dir='ltr'><em>ξ</em></span> <span class='ocrx_word' id='word_1_243' title='bbox 123 4259 169 4314; x_wconf 74' lang='lat' dir='ltr'>tte</span> <span class='ocrx_word' id='word_1_244' title='bbox 185 4249 241 4311; x_wconf 80' lang='lat' dir='ltr'>iiic</span> <span class='ocrx_word' id='word_1_245' title='bbox 261 4247 363 4322; x_wconf 81' lang='lat' dir='ltr'>Peter,</span> <span class='ocrx_word' id='word_1_246' title='bbox 384 4249 465 4322; x_wconf 80' lang='lat' dir='ltr'>huis,</span> <span class='ocrx_word' id='word_1_247' title='bbox 487 4260 594 4314; x_wconf 79' lang='lat' dir='ltr'>uester</span> <span class='ocrx_word' id='word_1_248' title='bbox 615 4267 671 4330; x_wconf 85' lang='lat' dir='ltr'>pre</span> <span class='ocrx_word' id='word_1_249' title='bbox 693 4268 751 4324; x_wconf 85' lang='lat' dir='ltr'>tue,</span> <span class='ocrx_word' id='word_1_250' title='bbox 774 4158 872 4331; x_wconf 50' lang='lat' dir='ltr'>qesnnd</span> <span class='ocrx_word' id='word_1_251' title='bbox 886 4161 1009 4329; x_wconf 58' lang='lat' dir='ltr'>aiiuiiget</span> <span class='ocrx_word' id='word_1_252' title='bbox 1019 4140 1123 4314; x_wconf 40' lang='grc' dir='ltr'>ὅ11111111εῆ</span> 
     </span>
     <span class='ocr_line' id='line_1_36' title="bbox 72 4357 1083 4564; baseline 0.004 -145"><span class='ocrx_word' id='word_1_253' title='bbox 72 4372 110 4564; x_wconf 27' lang='lat' dir='ltr'>h</span> <span class='ocrx_word' id='word_1_254' title='bbox 185 4359 245 4420; x_wconf 86' lang='lat' dir='ltr'>Pro</span> <span class='ocrx_word' id='word_1_255' title='bbox 267 4357 356 4422; x_wconf 82' lang='lat' dir='ltr'>nobis</span> <span class='ocrx_word' id='word_1_256' title='bbox 377 4359 489 4424; x_wconf 84' lang='lat' dir='ltr'>mundo</span> <span class='ocrx_word' id='word_1_257' title='bbox 510 4359 570 4424; x_wconf 82' lang='lat' dir='ltr'>hoe</span> <span class='ocrx_word' id='word_1_258' title='bbox 588 4358 622 4422; x_wconf 90' lang='lat' dir='ltr'>in</span> <span class='ocrx_word' id='word_1_259' title='bbox 644 4367 758 4435; x_wconf 85' lang='lat' dir='ltr'>nostro,</span> <span class='ocrx_word' id='word_1_260' title='bbox 780 4361 832 4442; x_wconf 83' lang='lat' dir='ltr'>qui</span> <span class='ocrx_word' id='word_1_261' title='bbox 852 4359 974 4424; x_wconf 67' lang='lat' dir='ltr'>substruit</span> <span class='ocrx_word' id='word_1_262' title='bbox 992 4379 1083 4424; x_wconf 83' lang='lat' dir='ltr'>smne</span> 
     </span>
    </p>
   </div>
   <div class='ocr_carea' id='block_1_3' title="bbox 0 0 1572 5164">
    <p class='ocr_par' dir='ltr' id='par_1_3' title="bbox 0 0 1572 5164">
     <span class='ocr_line' id='line_1_37' title="bbox 0 0 1572 5164; baseline 0 0"><span class='ocrx_word' id='word_1_263' title='bbox 0 0 1572 5164; x_wconf 95' lang='lat' dir='ltr'> </span> 
     </span>
    </p>
   </div>
  </div>
 </body>
</html>
