3124 5170
82 431 686 465 l

530 487 744 540 clamationum
761 491 834 541 xlllv.

156 707 287 786 blingit
308 706 461 781 canentis,
485 707 538 770 sed
561 726 620 770 uon
642 707 776 770 durabile
799 725 924 770 acumen

186 818 240 879 Est
261 819 376 879 calamo
399 817 503 892 istius3
526 835 559 878 re
582 817 753 893 deficiente,
778 818 903 879 colonus

189 927 320 1008 Corripit
342 947 378 988 ex
400 927 503 988 stratis
524 927 672 1015 membra,
695 935 725 989 et
745 937 919 1008 prospectat
940 936 971 989 et
992 945 1094 1008 agmm

187 1037 295 1098 'l'otum
318 1036 418 1098 albere
439 1036 521 1098 videt
542 1036 675 1110 nivibus,
700 1055 789 1117 quare
812 1038 908 1100 lemur
929 1037 997 1100 icit:

187 1147 300 1210 Deinde
323 1147 443 1209 domum
465 1146 556 1220 redit,
581 1163 616 1207 ac
636 1147 733 1226 replet
754 1146 820 1208 loca
843 1155 948 1210 cuncta
972 1148 1112 1228 querelis,

142 1268 171 1320 ltl
187 1257 225 1318 Ut
245 1256 354 1330 miser,
377 1255 513 1335 ignarus,
537 1256 608 1335 quid
631 1265 714 1334 agat3
737 1275 806 1317 mox
826 1275 895 1318 rura
917 1275 1071 1336 regressus

187 1367 323 1438 Lustrat,
346 1383 490 1446 spemque
512 1365 621 1428 iterum
644 1366 761 1441 condit,
784 1373 895 1428 mutata
918 1367 1051 1430 revisens

186 1476 266 1538 liora
289 1483 395 1538 cuncta
417 1474 515 1548 brevi,
537 1475 729 1556 pecudesque
752 1475 788 1538 ad
810 1495 920 1557 pascua
943 1485 1060 1557 sumpta

187 1584 347 1666 Compellit
367 1585 458 1663 virga.
502 1585 586 1647 Haud
609 1585 696 1647 aliter
716 1585 789 1647 mibi
812 1586 902 1648 corda
925 1587 1032 1649 timore

187 1695 347 1758 Concussit
369 1695 504 1778 sapiens,
528 1695 644 1756 turbata
667 1695 717 1756 ubi
741 1697 837 1758 lronte
858 1695 994 1758 ridebam

141 1811 169 1865 ld
185 1805 304 1886 lpsum,
329 1805 381 1866 sed
404 1803 510 1866 tribuit
530 1812 668 1884 prompte
690 1805 764 1866 mibi
786 1805 947 1885 pharmaca
968 1806 1061 1868 laeso.

187 1913 260 1988 Qui,
285 1932 352 1976 cum
375 1913 507 1994 corrupti
530 1925 649 1976 ventum
671 1923 718 1976 est
739 1914 775 1976 ad
798 1915 894 1978 diruta
916 1916 1028 1996 pontis,

185 2024 255 2104 lpse
279 2025 382 2086 oculos
406 2024 436 2085 in
458 2043 506 2085 mc
529 2024 674 2085 convertit
696 2025 782 2086 dulce
803 2027 959 2098 micantes,

188 2133 292 2208 Qualis
314 2151 348 2194 se
370 2133 518 2196 obtulerat
537 2133 665 2213 primum
689 2133 744 2196 sub
766 2143 867 2196 monte
887 2135 1057 2197 ridendum.

230 2243 384 2317 Quaedam
405 2242 526 2304 molitus
548 2263 665 2316 secum,
688 2243 884 2324 inprimisque
906 2245 1023 2306 ruinam

137 2363 169 2414 tt
187 2352 364 2416 Luminibus
385 2353 485 2415 tacitis
508 2371 661 2427 emensus,
684 2353 806 2416 brachia
827 2355 942 2434 pandit,

188 2465 280 2541 (llaec
303 2462 413 2525 etenim
435 2463 536 2543 potior
556 2463 620 2526 risa
643 2475 689 2528 est
711 2464 858 2548 sententia
879 2463 984 2542 menti)

185 2574 223 2636 Et
244 2593 292 2635 mc
314 2573 469 2654 corripuit.
514 2573 598 2636 Tunc
621 2573 716 2655 qualis
740 2575 789 2654 qui
813 2575 902 2636 audet
923 2584 954 2637 et
974 2593 1078 2637 ausum

185 2684 346 2757 Aestimat,
368 2702 464 2764 usque
486 2683 545 2745 sibi
568 2683 618 2764 qui
639 2685 831 2765 prospexisse
852 2685 987 2747 videtur:

187 2793 238 2855 Sic
259 2811 307 2855 me
330 2802 500 2874 correptum
522 2794 584 2856 saxi
608 2795 644 2856 ad
667 2794 784 2872 lastigie
807 2795 924 2868 tollens,

135 2911 167 2964 m
188 2904 275 2978 Quod
296 2923 367 2984 pars
390 2903 524 2966 exstabat
545 2923 605 2966 non
628 2904 819 2983 exiguissima
842 2904 935 2985 rupis,

184 3015 325 3076 Fmstum
349 3013 429 3076 aliud
450 3014 566 3095 scopuli
589 3014 858 3094 circumspectabat
879 3015 967 3086 acuti,

185 3125 236 3187 Sic
258 3125 352 3186 latus:
374 3123 511 3187 Manibus
534 3123 641 3186 deinde
663 3125 722 3186 boc
743 3125 902 3204 prensabis
924 3124 1065 3198 aduncis3

183 3233 341 3313 ueprius,
364 3253 401 3295 an
422 3233 518 3296 ualeat
538 3233 677 3295 libratum
700 3235 793 3308 terre,
816 3242 941 3296 retenta.

183 3343 245 3406 lsta
265 3343 417 3406 lucernato
438 3343 485 3404 via
507 3363 567 3405 non
590 3343 729 3406 tentanda
752 3344 882 3419 reniret3

65 3486 67 3503 ι
131 3459 166 3512 to
183 3453 257 3514 Nam
280 3453 342 3526 vix,
366 3453 416 3514 ille
438 3453 527 3526 levis,
551 3461 621 3533 post
642 3461 755 3532 tergum
778 3471 834 3533 ego
857 3455 996 3525 adactus,
1021 3454 1051 3515 in
1074 3453 1165 3516 altum

185 3563 249 3636 Qua
271 3572 391 3644 reptare
413 3563 502 3625 dabat
523 3564 586 3624 saxi
609 3564 748 3642 angulus,
771 3581 847 3625 unus
870 3572 900 3625 et
920 3564 996 3625 alter

186 3673 342 3746 Quivimus
366 3691 522 3735 ascensum
543 3681 661 3754 petere,
685 3681 715 3734 et
736 3673 767 3734 ni
791 3675 866 3736 lorte
889 3673 996 3734 luisset

182 3783 246 3844 Hac
267 3783 362 3844 multo
383 3783 502 3845 brevior
524 3785 600 3863 septi
624 3785 715 3845 altera
738 3784 803 3863 ripa
826 3784 990 3864 sequentis,

181 3893 292 3955 Nescio
315 3911 371 3972 ego
393 3893 487 3968 buno,
511 3897 557 3954 ast
579 3893 643 3974 ipse
665 3912 771 3954 manus
794 3903 953 3973 superante
976 3893 1126 3956 dedissem

8 3978 12 3988 Ι
62 4042 64 4051 =
127 4011 162 4063 ³5
180 4003 351 4083 Asperitate
372 4001 437 4064 riae
459 4003 563 4064 rictus.
607 4004 713 4065 Verum
736 4003 837 4065 indma
859 4003 956 4085 campi

60 4168 64 4217 l
181 4113 255 4175 Cum
277 4121 386 4193 puteus
410 4120 527 4186 teneat,
550 4113 692 4194 puteique
715 4113 886 4194 impendeat
908 4113 970 4174 oris

60 4238 63 4293 1
180 4223 288 4284 Totum
311 4221 466 4301 bulgarum
489 4223 616 4303 spatium
639 4224 697 4286 boc
720 4224 849 4285 immane
871 4223 1023 4292 malamm

180 4331 317 4412 Quisque
338 4333 414 4394 situs
436 4331 522 4394 vallis
544 4335 603 4396 lert
622 4353 714 4396 unum
737 4353 860 4413 surgere
882 4339 998 4413 septum

177 4443 275 4506 Altius
298 4442 450 4523 opposito.
494 4443 555 4506 Nos
578 4445 614 4506 ad
638 4445 755 4523 lastigie
778 4461 892 4508 summa

74 2050 78 2243 l

69 2664 73 2809 l

66 2990 70 3199 l

65 3276 69 3419 l
