3142 5166
584 465 765 518 Punct'totttt
780 469 799 518 l.

148 695 181 746 tu
197 685 284 746 llunc
306 692 337 747 ut
359 683 558 764 subriperem.
601 684 710 766 Ellugii
731 693 761 748 at
781 688 827 750 vie
847 706 917 750 vera
938 687 1061 752 dabatur

196 793 283 856 Nulla
306 793 377 868 alia,
400 804 540 875 excepte,
564 813 651 875 quam
674 815 740 858 sum
761 797 882 860 melicus
905 799 992 860 inire.

196 903 273 964 lluic
295 921 351 982 ego
373 905 534 967 monstravi
556 904 679 968 devotae
701 908 835 970 examine
857 908 962 986 gentis,

87 978 90 1081 Ι
196 1012 282 1074 Nunc
304 1013 362 1075 lert
382 1031 467 1076 meus
489 1015 557 1076 illus
579 1016 743 1078 animm-um
766 1017 923 1080 ostendere
946 1026 1059 1092 coetus,
1143 1069 1148 1074 .

197 1125 220 1186 t
243 1122 353 1203 quihus
374 1123 503 1186 abluitur
523 1124 703 1188 macularum
727 1125 859 1188 funditus
880 1127 987 1200 omnis,

149 1239 181 1292 ta
199 1231 241 1294 Te
259 1233 310 1314 jus
332 1233 433 1308 deute,
456 1235 532 1298 lues.
574 1235 710 1314 Longum
733 1243 815 1302 esset
836 1235 951 1309 dicere,
974 1237 1110 1302 utillum

198 1342 360 1406 Traxeriru.
404 1343 441 1408 At
462 1360 498 1404 er
519 1345 577 1406 alto
599 1343 692 1406 virtum
713 1344 870 1406 descendit
891 1365 1038 1427 opemque

197 1453 253 1514 llat
274 1453 361 1526 milri,
383 1460 418 1515 ut
437 1452 582 1516 adducam
604 1453 762 1516 fruiturum
785 1453 896 1517 lumine
917 1457 1024 1530 vultus,

197 1564 293 1642 Atque
316 1562 377 1624 cris
399 1581 537 1626 sermone
560 1563 612 1626 tui.
655 1563 699 1626 Ne
721 1565 838 1626 taedeat
857 1565 948 1648 hujus

196 1672 358 1734 Adventus.
401 1671 447 1734 lili
468 1671 589 1736 libertas
612 1673 764 1754 quaeritur
784 1675 865 1736 omni

150 1800 182 1851 tc
198 1783 272 1846 Cera
294 1783 374 1856 viro,
396 1791 430 1845 ut
449 1784 546 1857 novit,
569 1801 624 1862 pre
646 1782 783 1846 libertate
804 1801 942 1846 cruorem

199 1893 257 1966 Qui
279 1892 362 1954 dedit
382 1902 412 1955 et
432 1893 536 1967 vitam3
559 1901 650 1974 tuque
670 1893 701 1954 id
723 1893 841 1956 nescire
862 1893 995 1972 negabis,

198 2001 258 2064 Pro
281 2021 339 2082 que
361 2003 448 2065 dulce
469 2002 581 2065 Urrcuc
604 2002 713 2065 duxisti
735 2002 927 2077 occumbere,
951 2004 1001 2068 ubi
1024 2007 1090 2086 ipae

200 2113 328 2192 Liquisti
349 2119 476 2184 vestem,
500 2129 575 2192 quac
597 2113 687 2175 multa
708 2113 775 2174 lace
795 2113 924 2187 micabit,

200 2222 305 2301 llagua
328 2223 393 2284 dies
415 2225 481 2284 cum
504 2222 607 2286 aderit.
649 2222 713 2283 Nec
734 2240 789 2302 per
810 2241 868 2284 uos
889 2222 968 2286 laesa
990 2224 1105 2288 videbis

151 2345 183 2398 75
201 2331 303 2394 Edicta
326 2340 464 2394 aeternae
487 2331 577 2411 legis3
599 2349 668 2393 nem
689 2333 820 2394 rescitum
840 2333 896 2396 iste

89 2472 92 2505 ε
200 2445 278 2504 lura
300 2442 396 2517 vitali,
417 2458 475 2504 nec
496 2442 592 2504 llinos
614 2441 724 2504 arbiter
745 2442 816 2504 Orci

87 2517 92 2649 Ι
201 2551 247 2614 lle
268 2551 355 2632 ligat3
378 2559 408 2614 at
429 2570 477 2614 me
499 2551 549 2614 ille
571 2551 653 2614 orbis
675 2552 778 2626 hebet,
800 2561 850 2614 tua
871 2551 987 2615 llaarru
1007 2561 1090 2616 caetu

200 2663 326 2724 Lumine
348 2679 437 2742 quem
459 2662 579 2734 lustret,
603 2661 767 2742 faciemque
789 2661 979 2743 hahitumque
1001 2665 1153 2743 precantis

200 2773 287 2836 Nunc
308 2791 428 2853 quoque
449 2770 580 2845 habena,
603 2781 737 2833 sanctum
759 2779 881 2852 pectam,
902 2790 959 2853 pro
982 2773 1105 2836 loedere
1125 2775 1214 2855 primi

151 2889 184 2942 ltu
201 2883 355 2964 conjugii,
378 2889 470 2962 utque
493 2889 571 2944 tuam
593 2899 662 2944 sese
683 2881 796 2962 patiare
817 2884 927 2945 vocari.

241 2991 343 3055 Flecte
365 2992 454 3071 igitur
474 2999 602 3054 mentem
624 3009 694 3072 per,
717 2993 768 3072 qui
788 2992 866 3054 hauc
887 2991 941 3054 tibi
959 2992 1072 3074 jungit,
1094 3011 1235 3056 amorem.

200 3102 263 3164 Nos
285 3101 512 3182 septemgemini
533 3101 625 3163 valles
647 3101 714 3164 eine
735 3102 834 3164 visere
855 3103 949 3181 regui.

199 3212 276 3273 lluic
298 3211 334 3274 tle
357 3221 386 3274 tc
406 3219 505 3290 gretes
526 3212 670 3285 reserem,
693 3212 719 3274 si
741 3212 819 3276 lama
839 3211 951 3274 leretur

200 3320 253 3384 Vis
273 3329 324 3384 tua
344 3339 400 3401 per
421 3319 510 3383 sedes
531 3320 606 3383 illas.
628 3353 670 3370 ·-
691 3321 762 3382 llilti
783 3321 915 3395 Hieme,
938 3320 1017 3394 (lixit,

151 3443 183 3498 85
201 3431 328 3494 'lautum
351 3449 419 3494 cara
440 3431 510 3504 luit,
533 3438 633 3494 vestre
654 3449 722 3494 cum
745 3429 810 3493 sele
831 3430 959 3505 lluehar,

200 3541 239 3604 Ut
260 3541 316 3602 sim
338 3540 476 3620 largitus,
499 3541 570 3606 dum
590 3541 664 3614 vixi,
686 3541 830 3621 quithultl
852 3539 979 3604 habebat

200 3650 235 3714 ln
257 3651 344 3713 votis.
387 3651 426 3712 lit
445 3669 526 3712 nunc
547 3667 615 3712 cum
637 3658 719 3712 uam
740 3651 816 3716 mala
838 3651 969 3714 fluminis
990 3651 1046 3713 atri

201 3761 267 3824 Stet
288 3761 379 3835 vade,
402 3769 519 3842 mmpm
541 3761 619 3834 cult,
642 3779 703 3843 que
725 3763 823 3844 possit
844 3768 947 3824 costra
967 3779 1088 3824 movete

201 3870 350 3945 Consilia,
373 3870 412 3932 oh
433 3871 546 3951 legem,
569 3889 646 3952 quae
667 3889 822 3952 egressum
840 3872 971 3953 jusserat
991 3871 1059 3934 istis

150 3995 184 4048 tu
200 3980 375 4062 lmperitare
397 3981 482 4043 locis.
527 3980 588 4044 Setl
611 3981 688 4046 site
711 3982 822 4048 lemine
844 3989 931 4044 coctu

84 4144 87 4165 ,
200 4089 243 4152 Ile
265 4107 376 4172 supere
398 4099 515 4165 movet,
538 4093 738 4172 sequereris,
762 4091 1070 4172 praeciperemus,

84 4202 87 4231 ¹
199 4200 285 4262 Hand
308 4219 386 4280 opus
407 4209 455 4263 est
473 4200 630 4282 precibus,
653 4203 708 4264 tibi
728 4221 798 4268 uam
813 4202 895 4264 satis
917 4221 986 4265 esse
1005 4201 1171 4282 penulam
1193 4209 1247 4273 est„

84 4342 87 4403 3
199 4309 284 4372 lleuc
306 4310 387 4390 quod
408 4329 457 4373 me
477 4311 581 4391 poscis
601 4313 732 4386 veniam,
755 4331 921 4392 exoretque
942 4329 999 4392 per
1019 4311 1116 4374 istam

83 4414 86 4439 ¹
199 4417 278 4500 l'rgu
300 4419 325 4495 i,
350 4428 380 4483 et
402 4420 450 4484 tac
468 4421 574 4502 cingas
594 4421 665 4484 huic
683 4423 798 4485 crinem
820 4421 958 4504 simplice
975 4421 1078 4502 juneo,

83 4586 1313 4634 W
