3224 5166
102 423 106 550 Ξ
605 419 786 469 tunctmau
803 421 840 470 tt.

102 597 106 640 ὅ
181 651 212 702 tt
229 637 384 715 Quemque
407 643 494 697 tuem
515 635 610 698 cerdis
632 644 719 716 etque
742 639 872 717 undique
895 639 1155 720 circumspectans,

228 746 379 825 Multaque
399 745 577 824 promittens
599 766 616 808 a
635 747 753 808 eunctis
774 747 850 808 iiber
871 747 996 810 ebibam.

271 855 327 917 Hic
348 855 518 925 tranans,
540 855 593 934 qui
614 853 670 916 suh
692 856 754 916 iero
773 855 894 918 brechia
916 855 1004 920 Garru

229 965 271 1028 lie
293 963 393 1025 Tscco
416 963 569 1036 occubuit,
591 964 666 1037 ridi,
690 964 801 1044 quique
823 966 932 1045 impete
954 983 1046 1029 coeco
1458 987 1461 994 ·

230 1073 339 1136 Hostes
362 1072 432 1134 dum
454 1073 637 1151 insequitur,
660 1074 830 1153 subjectum
850 1073 953 1154 lapsus
974 1077 1004 1136 in
1026 1095 1142 1140 omnem

183 1195 213 1248 to
229 1181 393 1245 interclusa
415 1183 511 1244 anima
531 1182 629 1261 periit
672 1183 729 1243 iiic
750 1199 817 1244 cum
839 1202 928 1263 prece
949 1184 1057 1248 biunde

230 1291 374 1353 Attollens
396 1291 510 1370 palmes
531 1291 691 1352 Famatcus
712 1301 854 1372 amesque
876 1294 1043 1364 Novacum.

231 1401 292 1462 Nec
313 1419 375 1462 uon
392 1400 521 1462 -Prasnua
546 1408 684 1473 testatus,
707 1410 828 1480 pectore
851 1403 920 1464 torti

231 1509 409 1582 Menoeceu
432 1509 594 1572 eminuisse
615 1509 743 1581 bonum,
767 1512 916 1584 tardabam
939 1519 969 1574 et
990 1512 1061 1574 Uasr

231 1618 295 1680 Vidi
317 1618 444 1682 enimam
466 1617 601 1692 comitis3
623 1619 833 1699 disjunctaque
855 1639 982 1700 corporo
1003 1621 1042 1683 ob
1063 1622 1138 1684 unu
1375 1603 1378 1612 ¹

179 1740 214 1791 tt
231 1726 335 1807 Atque·
347 1745 447 1790 acrem
468 1727 622 1800 invidiam,
646 1729 723 1790 sierrt
743 1729 874 1801 diceba,
897 1737 926 1791 st
947 1730 1006 1792 ulte
1231 1797 1233 1800 ,

231 1836 351 1916 Absque
372 1855 426 1900 sua
448 1836 550 1916 caripa,
572 1836 661 1900 nobis
683 1838 779 1900 anima
799 1839 890 1900 alters
911 1840 991 1902 venit

231 1945 333 2008 Obvia.
367 1945 438 2025 ⁸ligo
458 1945 582 2009 Pscnua
603 1947 797 2010 Baaccsnsau
819 1947 900 2009 huuc
921 1967 990 2009 esse
1010 1948 1150 2012 monebo.

230 2060 325 2135 Atque
348 2055 397 2116 hic
418 2064 610 2134 praeessent,
630 2066 770 2136 superest
790 2057 860 2120 dum
883 2057 953 2126 vita,
976 2058 1130 2122 Bassania
1164 2097 1166 2104 ι

231 2165 357 2242 Regium
381 2184 415 2226 ec
436 2164 560 2236 rident„
573 2183 611 2226 ne
633 2165 718 2244 pejor
740 2185 773 2228 sc
794 2173 913 2228 maneat
932 2182 1011 2242 grem
1344 2209 1347 2262 ε

178 2283 212 2335 25
273 2273 360 2336 Omni
381 2292 430 2338 me
451 2283 610 2354 postquem
632 2274 755 2336 dissolvi
777 2275 909 2336 exercitu
929 2295 1030 2338 eanum
1342 2263 1347 2456 ἱ

229 2382 404 2445 Umbrenum
427 2391 578 2455 orantum,
601 2391 634 2445 ut
654 2384 787 2462 requiem
809 2384 867 2448 sibi
888 2385 1024 2464 supplice
1045 2403 1117 2446 voce

103 2459 108 2659 1
232 2493 359 2554 Orarent
379 2492 449 2564 etii,
472 2491 512 2554 oh
534 2511 622 2572 qoam
645 2493 754 2556 sanctia
776 2513 844 2556 esse
866 2494 967 2556 liceret

233 2601 341 2672 Ocius,
364 2601 413 2662 iric
435 2602 536 2681 coepi:
560 2602 585 2664 Ο
607 2620 674 2665 mea
695 2602 758 2673 tux,
782 2604 921 2665 docuisse
942 2583 1059 2664 videtur

233 2711 360 2774 Omnino
382 2720 432 2772 tue
453 2710 536 2772 Mose
557 2710 624 2772 ioco
648 2730 707 2774 uou
728 2731 820 2791 posse
840 2713 992 2791 precando
1092 2751 1096 2758 -
1340 2747 1343 2790 Ι

180 2831 214 2882 ³⁰
231 2821 302 2883 Fata
322 2821 376 2882 uei
398 2821 493 2893 decti;
516 2829 613 2882 umen
635 2822 666 2882 id
688 2822 839 2899 geneista
860 2821 994 2899 rogabat.

232 2930 352 2991 Frustra
375 2947 446 3007 ergo
468 2929 499 2992 hi
521 2926 666 3008 sperent?
685 2931 731 2992 An
754 2949 815 2992 non
835 2930 913 2992 boue
935 2931 1045 3012 scripta
1067 2940 1223 3010 patescunt

231 3039 270 3101 iti
293 3035 364 3101 tue?
385 3069 426 3084 ·-
448 3043 486 3102 tt
507 3041 533 3100 is
556 3046 674 3100 contre:
697 3040 730 3101 Si
752 3040 991 3119 contemplabere
1013 3058 1085 3102 sano

232 3149 303 3210 Rem
325 3148 444 3228 penitus
465 3157 580 3221 mente,
603 3155 650 3210 est
671 3149 767 3210 tacitis
788 3149 953 3228 plenusque
976 3167 1109 3210 meorum

233 3257 418 3336 Scriptorum
440 3277 564 3327 seusus,
587 3275 684 3338 neque
706 3275 759 3319 eos
782 3276 852 3336 spes
874 3256 949 3318 ludit
970 3259 1077 3320 inanis.

104 3424 107 3443 ,
181 3366 363 3446 editamque
384 3367 463 3430 houd
487 3366 642 3430 descendit
662 3368 802 3447 maiestas
824 3385 939 3430 summa
961 3369 1082 3445 superni

231 3476 354 3550 iudicii,
378 3477 448 3540 dum
470 3477 560 3539 eorda
582 3493 675 3538 urens
695 3477 740 3538 vis
762 3476 846 3553 ignea
866 3477 993 3537 amoris·

232 3585 296 3646 Uno
318 3587 379 3647 ictu
400 3585 546 3656 absolvat,
570 3586 649 3665 quod
669 3586 774 3666 J'ussua
796 3584 911 3648 solvere
933 3585 1030 3654 debet,

234 3694 409 3774 Quicunque
425 3697 480 3766 ¹hio
501 3694 638 3758 ambulat.
683 3694 742 3757 Sed
763 3703 795 3756 ut
817 3703 863 3756 est
883 3695 1043 3764 sententia,
1066 3687 1153 3758 nena'o

232 3802 315 3894 Vitae
337 3804 512 3867 emendabat
533 3805 640 3867 veteris
661 3804 816 3867 malefacta
837 3804 1004 3883 precando:

180 3923 215 3976 tc
232 3912 366 3992 Namque
387 3913 449 3976 lieo
471 3914 650 3977 immensum
670 3915 843 3994 sejunxerat
863 3914 1046 3976 intervalium

101 4026 106 4114 p
234 4021 383 4082 Orantem.
426 4023 465 4086 tc
485 4042 556 4087 vero
579 4024 668 4086 tantis
692 4023 818 4086 obducta
839 4022 970 4085 tenebris

100 4119 105 4216 1
231 4129 313 4191 Dicta
335 4147 441 4202 moena
462 4132 534 4194 mihi
556 4151 594 4194 ne
617 4131 741 4195 obfirma
763 4141 842 4194 certe
863 4141 976 4210 putere,

231 4237 266 4299 iti
289 4240 373 4318 prius
396 4241 425 4304 id
445 4241 568 4312 doceat,
593 4259 668 4320 quae
690 4241 740 4304 lux
761 4242 849 4304 micat
871 4241 949 4302 inter
970 4249 1123 4318 utramque
1340 4234 1344 4309 i

231 4348 299 4408 Veri
321 4348 470 4428 animique
493 4351 586 4413 facem
610 4350 717 4412 nostri.
758 4352 854 4429 Atque
877 4349 925 4412 hic
948 4348 1067 4416 nescio,
1089 4367 1126 4409 an
1149 4349 1227 4411 istud

98 4535 1150 4566 ff-W-„fflffl--.Q
1168 4467 1343 4566 .Ki
