3124 5170
327 499 387 564 118
749 498 940 551 russnuonuu
958 499 1036 549 xxxi.

392 719 563 782 llortantern
584 719 662 780 haud
685 717 775 779 velles
797 725 826 778 te
848 717 935 795 longa
956 716 1076 794 ambage
1098 725 1254 778 moratum.

434 828 496 890 llos
519 846 573 907 ego
595 829 689 890 delixa
712 845 866 898 sermones
888 845 959 889 eure
980 825 1128 898 bibebam,

392 939 466 1000 Cum
487 938 559 998 mihi
581 945 757 1017 praeceptor
778 936 946 998 subtristis:
969 935 1128 1015 Prospice,
1152 936 1241 1010 dixiu

392 1049 524 1126 Namque
544 1067 649 1126 pamm
671 1047 760 1108 modo
782 1045 886 1117 abest,
910 1046 981 1124 quin
1003 1053 1101 1107 tecum
1123 1045 1269 1125 injurgia
1293 1065 1421 1126 surgam.

327 1162 375 1214 1³⁰
435 1158 531 1230 Quem
553 1156 642 1220 simul
664 1157 770 1218 iratum
792 1155 889 1218 audivi
912 1155 1000 1218 verba
1022 1155 1077 1216 ista
1099 1153 1279 1234 loquentem,

391 1268 528 1340 Accessi,
551 1267 713 1346 puduitque
735 1265 824 1337 adeo,
848 1273 880 1326 ut
900 1265 998 1344 pudor
1018 1265 1120 1326 intima
1141 1265 1249 1326 meotis

391 1377 476 1439 Nunc
499 1394 617 1456 quoque
640 1373 793 1453 pervadat,
817 1381 919 1453 repeto
942 1375 1012 1435 dum
1034 1373 1101 1436 talia
1123 1391 1247 1436 mecum.

392 1486 544 1548 devoluti
567 1485 597 1546 in
620 1485 735 1546 somnis
758 1503 811 1546 suo
833 1484 884 1572 qni
907 1483 964 1546 sibi
987 1483 1092 1546 damna
1114 1483 1228 1562 figrrrat,

392 1595 518 1660 Somnia·
535 1595 605 1656 dum
627 1593 745 1667 ludunt,
769 1593 871 1656 ludant
892 1593 982 1656 modo
1005 1593 1120 1654 somnia
1142 1593 1251 1654 mavult

327 1710 374 1763 1³6
393 1705 457 1777 Sic,
481 1711 512 1765 ut
534 1703 677 1782 quidquid
700 1703 798 1774 adest,
822 1703 943 1764 omnino
965 1709 1084 1782 exoptat
1104 1701 1226 1764 abesse:

393 1814 474 1876 Talis
497 1831 552 1892 ego
574 1813 759 1886 adstiterun,
782 1830 850 1874 cum
872 1813 1013 1874 deessent
1033 1811 1122 1874 rerba
1143 1812 1273 1874 studenti

391 1923 492 1985 Errori
516 1941 650 1984 caussam
673 1931 776 1984 nostro
799 1929 986 2002 praeterere3
1010 1929 1038 1982 at
1059 1921 1139 1982 istud

391 2034 514 2096 Fecerat
535 2031 713 2110 adspectus,
737 2031 817 2110 quod
839 2049 886 2091 me
908 2029 985 2092 haud
1010 2031 1118 2092 iecisse
1139 2039 1283 2110 putarem.

434 2143 526 2222 Culpa
548 2150 596 2204 tua
618 2140 715 2220 major
736 2148 815 2202 taum
838 2140 990 2220 purganda
1011 2140 1124 2219 pudore

325 2260 374 2313 14⁰
391 2253 458 2314 Non
481 2259 576 2324 esset;
599 2269 690 2329 quare
712 2249 761 2312 hic
783 2249 863 2312 omni
885 2258 913 2310 te
934 2249 1001 2312 labe
1022 2249 1135 2322 levavit,

391 2363 501 2424 Doctor
522 2361 577 2433 ait,
600 2378 707 2439 meque
729 2379 824 2438 usque
846 2367 916 2439 puta
938 2367 967 2420 te
990 2376 1112 2420 cernere
1133 2377 1233 2421 coram

392 2471 576 2542 Adstantem,
600 2469 625 2530 si
649 2471 725 2532 torte
746 2469 811 2548 pari
834 2469 992 2531 certamine
1014 2477 1131 2546 gentem

392 2581 541 2643 intensam
563 2579 712 2641 offendes:
735 2579 766 2640 id
789 2577 863 2640 velle
884 2577 986 2640 addim
1006 2577 1108 2656 pusilli
1131 2587 1186 2640 est.

768 2829 783 2862 ⁰
865 2839 978 2921 XXXl·

435 3019 494 3079 Una
518 3016 679 3095 cademque
701 3015 784 3094 prius
806 3034 853 3076 me
876 3015 975 3094 lingua
996 3013 1169 3087 momordit,
1192 3023 1335 3095 utrasque

391 3125 523 3188 'finxerit
544 3133 575 3186 ot
597 3125 702 3198 malas,
725 3125 926 3204 modicamque
949 3133 1053 3204 posteo
1071 3125 1156 3206 iuvit.

391 3235 488 3310 Talis,
510 3243 542 3298 ut
563 3235 675 3307 audivi,
700 3236 795 3298 letalis
818 3235 921 3297 lancea
943 3234 1075 3308 Achillis,

390 3348 432 3409 Ac
454 3345 533 3407 Pelei
555 3347 648 3425 patris
670 3347 766 3426 primo
790 3365 895 3408 caussa
918 3363 984 3406 csse
1007 3344 1121 3406 solebat

357 3467 373 3520 5
391 3455 512 3529 Tristis,
536 3454 642 3518 deinde
664 3455 761 3518 bonae
783 3463 910 3516 strenae.
954 3455 1015 3516 Nos
1036 3461 1151 3516 vertere
1173 3461 1255 3530 terga

390 3563 462 3626 Valli
485 3564 609 3634 infelici,
631 3565 929 3644 praecingentemque
951 3573 1051 3626 tenere

391 3673 549 3753 Coepimus
572 3672 719 3736 adscensu
740 3675 850 3754 ripam,
873 3683 1040 3736 uansrersa
1061 3672 1194 3750 legentes

389 3783 470 3845 Muti.
514 3782 622 3844 Nescio
645 3783 715 3862 quid
738 3784 836 3846 minus
858 3783 907 3846 hic
929 3801 1017 3863 quom
1040 3784 1135 3845 noctis
1157 3801 1276 3862 opacae,

388 3894 483 3972 Atque
504 3891 603 3954 minus
626 3911 714 3971 mam
737 3893 811 3955 lucis
834 3902 904 3956 erat.
947 3893 1009 3955 Nec
1030 3891 1148 3969 longius
1170 3893 1213 3954 ire

341 4001 566 4081 investigando
589 4001 692 4064 ocolus
717 4001 833 4082 quibat3
854 4021 956 4064 rerum
978 4002 1094 4082 impulit
1115 4019 1202 4064 aures

389 4111 524 4174 Stridore
544 4109 672 4172 altisono
696 4129 805 4185 cornu,
828 4113 907 4192 quod
929 4121 959 4174 et
981 4131 1069 4175 omne
1091 4113 1202 4174 tonitru

389 4220 528 4283 Obruerit
550 4220 674 4300 strepitu
696 4221 846 4297 horribili,
868 4223 1082 4303 propriumque
1104 4230 1240 4284 secutmn

389 4331 567 4411 Oppositum
589 4329 648 4393 sibi
670 4331 742 4402 iter,
764 4349 812 4394 me
834 4333 924 4410 ligere
945 4331 1045 4411 adegit
1063 4333 1095 4395 in
1117 4349 1209 4394 unum

387 4441 501 4504 Lumen
524 4447 680 4520 utrumque
702 4441 809 4504 locum.
853 4441 926 4504 Post
944 4443 1061 4520 flendae
1084 4443 1188 4504 lunera
1209 4439 1315 4514 cladis,
