3136 5164
312 394 375 462 240
720 400 901 454 enneanann
920 399 1007 451 xant.

379 617 527 682 Peccandi
549 619 703 682 arbitrium
724 619 822 680 nobis.
866 618 950 692 Dein,
973 618 1050 679 torte
1072 618 1197 682 daturne

380 728 449 808 lpse
471 729 569 792 laeum
590 729 730 802 adstanti,
752 745 807 808 per
827 729 963 790 dammae
985 727 1123 790 incendia
1145 728 1228 808 fugit,

380 837 528 900 Assimiiis
550 839 626 918 pisei
648 855 703 919 per
724 857 818 918 aquas
840 836 925 898 tundi
948 835 1007 898 ima
1027 837 1150 916 petenti.

315 953 364 1005 1³⁰
422 947 546 1010 Paulum
569 967 624 1028 ego
645 955 808 1010 monstrato
830 946 955 1019 necessi,
978 965 1027 1008 me
1041 946 1165 1010 dissere
1186 955 1322 1010 aventem

380 1056 464 1119 lilius
485 1077 594 1120 nomen
616 1065 740 1120 testatus
762 1056 852 1118 eorde
873 1073 997 1136 parasse

380 1165 458 1228 Huie
479 1175 592 1245 gratam
613 1168 644 1228 in
666 1175 769 1229 nostro
792 1165 905 1228 sedem.
925 1197 969 1210 —-
991 1165 1075 1226 Tune
1095 1164 1172 1226 iiber
1193 1167 1234 1227 ita
1255 1166 1337 1228 iniit:

382 1275 455 1338 Tam
476 1277 550 1342 mihi
573 1276 658 1338 dulae
680 1275 770 1350 venit,
794 1275 874 1354 quod
897 1275 974 1336 nami
995 1293 1070 1336 noce
1091 1275 1213 1353 rogasti,

380 1383 418 1446 Ut
439 1403 537 1464 neque
558 1404 613 1464 ego
635 1384 759 1465 possim,
781 1403 837 1446 nec
852 1385 891 1445 sit
911 1383 1009 1446 celare
1030 1383 1175 1456 voluntas,

315 1503 363 1557 1³5
381 1493 467 1566 Quod
489 1495 578 1576 petis.
621 1496 777 1556 Annianus
800 1493 893 1566 dison,
916 1493 1075 1573 quipiam
1097 1495 1255 1574 modisque

382 1603 497 1666 (lantito
519 1604 678 1677 debilibus,
700 1603 878 1681 simulatque
900 1619 956 1680 ego
977 1609 1078 1664 mente
1098 1603 1250 1674 recorder,

382 1713 449 1786 Quo
471 1731 519 1776 me
540 1712 715 1793 praeteritae
738 1713 821 1776 duxit
841 1712 990 1774 dementia
1011 1712 1096 1774 vitae.

379 1822 504 1901 Jamque
526 1823 590 1884 dies
613 1823 686 1884 mihi
707 1830 767 1884 mm
789 1829 907 1901 sperata
927 1821 1043 1884 videtur
1064 1821 1180 1883 adesse.

367 1931 467 1994 ‘Nunc
486 1951 542 2011 pen
561 1931 700 1994 virtutem
721 1939 750 1992 te
772 1949 837 2004 oro,
858 1949 935 2010 quae
956 1932 1100 1994 scandere
1122 1929 1217 1994 scalas

315 2038 365 2092 1⁴⁰
381 2040 436 2102 Dat
456 2041 511 2103 tibi
532 2059 697 2122 supremas,
720 2048 753 2104 ut
773 2043 870 2103 fausto
892 2047 1026 2121 tempore
1048 2042 1142 2102 nostri

381 2149 430 2212 Sis
452 2169 567 2214 memor
588 2151 718 2228 angaris.
762 2151 836 2214 Dein
858 2169 964 2231 purum
988 2169 1021 2212 se
1043 2151 1125 2214 abdit
1146 2151 1178 2213 in
1200 2152 1307 2232 ignem.

850 2411 977 2494 xxvn.

379 2589 417 2652 Ut
438 2608 505 2652 eum
526 2591 621 2670 prima
642 2590 737 2653 vibrat
757 2590 907 2652 radiorum
928 2591 1042 2670 spinula
1064 2590 1096 2652 in
1117 2591 1231 2664 unbem,

378 2700 489 2762 tactor
510 2699 559 2762 ubi
583 2718 656 2762 suns
679 2700 783 2762 effudit
803 2719 870 2762 eum
893 2701 1155 2779 sanguinantem,

378 2808 474 2870 ditius
496 2809 645 2871 inventum
666 2809 721 2871 sub
743 2809 850 2872 Librae
871 2809 954 2872 sidus
974 2795 1062 2872 lbera

377 2917 520 2991 labente,
543 2926 630 2997 atque
652 2919 834 2981 horam-sub
857 2927 968 2980 sextam
989 2937 1094 2982 narsus
1117 2919 1229 2982 adustis

345 3032 361 3088 5
379 3025 472 3090 Undis
493 3028 523 3088 in
546 3027 689 3106 Gangem:
713 3028 791 3090 haud
814 3028 898 3092 aliter
918 3029 965 3091 sol
987 3029 1082 3092 stabat
1103 3038 1225 3110 eratque

378 3137 485 3200 Ultima
504 3157 574 3218 pars
593 3139 680 3213 lueis,
702 3138 780 3200 laeto
802 3157 870 3200 eum
892 3157 925 3200 se
947 3137 1055 3201 obtulit
1075 3159 1127 3202 one

377 3247 517 3326 Angelus.
561 3247 649 3310 Extra
671 3249 747 3325 ignis
768 3250 902 3312 dammas
924 3249 1020 3328 ripam
1041 3250 1107 3328 ipse
1129 3248 1258 3322 tenebat,

376 3357 415 3420 Et
435 3357 548 3438 majone
569 3377 655 3430 sono,
678 3377 766 3438 quam
787 3357 918 3420 hominis
937 3377 994 3420 von
1014 3358 1078 3420 viva
1100 3358 1226 3432 tulisset,

378 3467 534 3529 Cantabat:
558 3467 670 3530 Mando
692 3472 745 3548 qai
763 3469 904 3531 a'needant
926 3469 1023 3540 eorde,
1046 3463 1167 3532 beatos!

328 3589 360 3641 1⁰
375 3577 504 3639 Exinde:
527 3576 553 3638 0
574 3577 689 3640 animae
711 3585 838 3652 sanctae,
860 3577 919 3640 nisi
940 3579 1075 3640 mordeat
1095 3587 1179 3641 aestu

376 3686 508 3748 Flamma
530 3686 624 3766 prins,
648 3704 707 3748 non
730 3695 777 3749 est
798 3687 873 3749 uitta
894 3687 1076 3750 contendere
1097 3703 1217 3766 gressu3

375 3797 486 3858 intrate
507 3795 593 3870 hane,
616 3815 673 3858 nes
694 3797 754 3858 sint
775 3815 863 3858 aures
884 3797 922 3858 ad
944 3799 1076 3861 camnine
1096 3799 1204 3860 surdae

374 3905 449 3968 Inde
471 3905 582 3968 emissa
603 3905 673 3967 loci.
694 3895 809 3968 -—'Sie
831 3924 899 3968 eum
919 3925 1015 3987 prope
1036 3908 1181 3980 venimus,
1204 3907 1316 3988 inquit;

376 4017 484 4090 Quare,
505 4016 554 4077 his
576 4015 693 4088 auditis,
717 4015 767 4077 tali
789 4014 844 4078 suh
866 4017 993 4096 imagine
1015 4018 1111 4080 taetus

325 4133 358 4186 15
375 4125 563 4198 Restiteram
584 4123 670 4206 quale
692 4133 739 4186 est
759 4135 829 4205 post
850 4127 955 4188 funera
977 4145 1088 4206 eorpus
1109 4126 1301 4188 humandum.

417 4237 455 4299 Et
475 4245 584 4299 stratus
606 4233 706 4313 digitis
728 4235 804 4297 intra
826 4253 859 4296 se
880 4236 1000 4316 pectine
1017 4236 1142 4317 junctis,

374 4347 494 4428 Inspexi
515 4347 647 4418 ardores,
670 4363 821 4419 revocans,
845 4363 922 4425 quae
943 4365 1070 4426 corpora
1089 4346 1238 4428 qnondam
