3144 5164
589 373 723 424 Plututst
741 374 818 425 lleV.
927 401 930 404 ·

155 591 188 646 75
206 592 259 654 Sic
280 592 381 654 animo
403 590 531 671 quisquo
554 591 714 671 acciperet,
736 591 822 654 loeus
843 611 912 654 esse
933 594 1086 672 sophistae

205 701 330 780 ingenio
352 701 432 762 hand
454 711 569 780 posset.
612 699 676 763 Vox
696 701 771 764 baec
792 721 827 763 ex
849 701 970 768 tlamlue
992 703 1102 764 amoris

205 811 289 874 lilius
311 811 437 872 incenso
458 810 555 886 renit3
577 810 648 872 dein
670 810 779 876 talibus
800 811 878 881 iudt:
950 861 952 866 .

206 920 283 983 'lum
304 929 384 994 nota,
407 929 470 982 tuna
491 919 610 1000 pondus
631 921 719 999 pensi
740 921 818 984 bene
840 901 982 984 convenit
999 921 1089 983 aeris.

206 1030 244 1091 At
264 1031 338 1102 lare,
360 1048 400 1091 an
420 1030 545 1110 proprio
567 1049 604 1092 ex
624 1029 724 1092 loculo
746 1030 970 1110 deprompseris
992 1029 1096 1093 istud?

155 1145 190 1198 8⁰
205 1139 282 1202 lluic
304 1157 375 1218 ego:
398 1141 442 1202 lta
462 1140 522 1200 hoc
543 1157 629 1200 servo
650 1148 711 1202 tam
733 1141 850 1219 fulgens
874 1148 991 1219 tamque
1012 1141 1182 1214 rotundum,

205 1249 245 1311 Ut
265 1257 353 1329 typus
373 1249 452 1312 haud
477 1249 637 1328 quidquam
659 1249 767 1312 incerti
789 1249 863 1312 mihi
885 1248 996 1311 babere
1017 1258 1147 1330 putetur.

249 1359 326 1420 Exin
348 1379 386 1420 ex
405 1357 471 1420 luce
493 1365 542 1419 est
562 1376 619 1420 vox
639 1359 714 1422 haec
736 1359 845 1422 emisse
866 1359 1024 1439 profunda,

208 1468 291 1542 Quae
313 1467 491 1548 splendebat
511 1467 567 1529 ibi:
592 1467 713 1530 Gemma
734 1469 810 1529 haec
832 1468 996 1541 carissima,
1020 1487 1077 1548 qua
1099 1476 1156 1530 stat

206 1578 281 1640 Nina
303 1578 402 1639 omnis
423 1577 525 1652 virtus,
549 1577 630 1640 uude
651 1583 698 1640 eet
719 1576 797 1640 ubit
819 1577 942 1640 Talibus
964 1577 1025 1640 illa.

157 1689 190 1743 85
206 1687 260 1749 het
282 1705 354 1766 ego:
378 1687 545 1765 Largilluus
567 1686 660 1748 dirici
681 1687 810 1750 hernicis
831 1687 938 1761 imber,

207 1797 300 1877 Cujus
323 1798 354 1858 in
376 1798 506 1876 antiquie
527 1797 636 1859 diffusa
658 1804 705 1858 est
727 1797 812 1876 copia
835 1797 947 1858 chartis

207 1908 302 1988 loque
323 1907 418 1981 nous,
441 1908 524 1969 farma
547 1905 621 1968 mibi
643 1923 698 1986 pro
720 1906 836 1968 ratione
856 1906 967 1970 valebit

207 2018 335 2098 Semper
356 2017 401 2078 sic
422 2023 591 2097 praesente,
613 2025 646 2078 nt
667 2015 818 2095 quaelibet
839 2023 921 2078 esset
941 2015 978 2078 ad
999 2015 1081 2079 iham

206 2126 259 2188 vis
282 2127 505 2189 demonstrandi
528 2127 668 2189 evincens
690 2125 798 2186 obtusa
820 2125 928 2186 lutura.

158 2248 191 2300 ao
250 2236 364 2300 Deinde
385 2237 461 2300 haec
482 2237 599 2298 audivi:
622 2235 763 2298 Doctrina
784 2235 906 2313 antique
927 2252 1106 2315 recensque,

94 2319 99 2426 l
210 2346 294 2420 Quae
315 2347 360 2409 sic
382 2345 543 2421 concludit,
567 2363 622 2408 cur
642 2353 688 2408 ost
708 2343 763 2406 tibi
785 2361 870 2407 sacru
892 2343 1034 2424 loquela?

207 2457 294 2519 'lunc
316 2475 386 2536 ego:
408 2457 498 2520 Facta
519 2455 651 2536 probant
671 2455 758 2516 istam
781 2455 920 2517 testantia
942 2472 1051 2529 veram,

207 2567 252 2629 td
274 2585 350 2647 quae
373 2584 434 2629 non
456 2567 546 2638 terro,
568 2583 631 2626 nun
652 2572 698 2626 est
719 2563 878 2627 incudibus
900 2583 955 2626 usa

93 2726 95 2743 .
207 2676 336 2740 Daedala
358 2684 481 2739 naturae
502 2675 607 2737 virtus.
629 2705 670 2722 -
692 2675 754 2736 Vox
776 2674 887 2736 haecce
907 2673 1038 2736 remisit:

159 2797 191 2853 ab
209 2788 293 2861 Quae
316 2785 370 2850 tibi
392 2785 490 2848 cautio
514 2785 580 2856 erit,
603 2801 724 2864 quaeso,
746 2784 823 2846 haec
843 2791 961 2847 narrata
984 2781 1103 2846 luisse?

207 2896 285 2958 illud
306 2897 395 2971 idem,
419 2895 499 2975 quod
522 2895 620 2957 adhuc
640 2902 740 2957 menet
760 2903 933 2974 argumente
953 2895 1119 2975 probantis,

207 3007 302 3069 Nemo
324 3006 379 3068 tibi
397 3006 486 3086 jurat.
529 3005 563 3067 si
585 3004 711 3066 ostentis
734 3005 829 3066 excita
850 3004 941 3066 nullis

207 3117 350 3197 Amplexa
372 3128 419 3178 eat
439 3115 527 3178 tellus
549 3113 709 3186 Christum,
731 3113 806 3176 hacc
826 3112 971 3176 mirabilia
993 3130 1053 3175 una

208 3227 268 3288 lies
290 3227 369 3300 iacit,
391 3231 426 3288 nt
445 3224 570 3305 reliquis
592 3241 652 3286 non
675 3223 713 3286 sit
734 3223 898 3286 centesima
918 3223 1021 3294 virtus,

145 3331 192 3392 lob
208 3335 296 3411 Dixi3
318 3344 350 3398 tu
372 3352 511 3416 campum
531 3352 654 3414 pauper,
674 3333 796 3413 jejunus
818 3332 911 3405 inisti,

207 3445 365 3525 Egregiem
386 3453 420 3508 ut
442 3463 560 3506 sereres
581 3444 721 3525 plantam,
745 3461 820 3522 quae
842 3441 950 3504 fertilis
971 3443 1037 3504 uris

207 3555 274 3616 lam
295 3555 360 3626 luit,
383 3566 412 3616 ot
435 3555 512 3616 lecta
533 3563 581 3616 est
600 3553 691 3616 modo
714 3553 819 3616 sentis.
860 3552 956 3614 Verba
979 3552 1034 3614 sub
1057 3553 1114 3616 iata

207 3665 388 3727 insonuere:
411 3663 508 3726 Dotem
530 3657 708 3727 loudumusl
730 3661 861 3724 carmine
883 3662 915 3724 in
937 3662 989 3724 illc

208 3775 431 3854 concentuque,
452 3773 548 3838 melos
570 3773 650 3854 qnod
673 3779 743 3835 sunt
764 3781 883 3836 cantus
905 3772 982 3835 sueti

143 3893 191 3948 105
207 3885 242 3946 ln
265 3882 350 3946 coelo
372 3883 449 3946 llivi.
470 3917 513 3930 -
533 3885 571 3946 ht
590 3883 731 3964 maiestas
752 3883 903 3963 Principis
924 3882 984 3956 illa,

209 3994 292 4068 Quae
315 3994 360 4056 sic
381 4013 417 4056 ex
438 4011 522 4056 ramo
544 3994 581 4056 ad
602 3983 788 4056 ramum‘me
808 4001 939 4058 traxerat
959 4011 1055 4072 nsque

206 4103 375 4177 Excutiens,
399 4103 496 4166 donec
514 4103 638 4185 jamjam
659 4103 697 4166 ad
718 4103 789 4166 lolia
811 4103 914 4166 ultima
935 4111 1053 4166 ventum
1075 4110 1135 4164 est:

209 4212 291 4286 Quae
314 4231 347 4274 se
369 4222 469 4276 mente
492 4221 542 4276 tna
564 4213 692 4276 delectat
712 4213 815 4292 gratia,
838 4211 920 4288 dixit,

203 4321 368 4398 llaetenus,
394 4332 425 4386 ut
447 4323 556 4397 decuit,
578 4321 735 4402 responsis
757 4341 810 4385 ora
831 4321 973 4398 resolviu
