3124 5170
301 443 341 505 36
741 441 934 493 llil'llllllOllUll
953 443 990 492 ll.

367 663 443 724 Tum
463 661 540 723 bene
561 662 602 723 mi
624 661 720 742 patuit
741 659 889 724 demissus
912 661 949 722 ab
972 661 1091 722 aethere
1113 678 1230 726 summo

316 783 350 837 80
366 771 513 843 Nunnius,
536 778 624 851 atque
646 770 741 834 oeulis
764 771 849 851 coepi
872 781 1008 850 spectaro
1031 771 1215 848 magistrum,

369 881 425 954 Qui
449 891 521 942 autu
539 879 632 961 iussit
654 897 699 940 me
722 879 830 941 sistere
852 880 966 960 poplite
988 882 1075 942 llexo.

368 991 429 1065 010,
453 997 595 1071 quantum
616 989 726 1050 inanum
748 998 795 1052 est
815 989 889 1051 mibi
909 990 992 1052 visus
1013 991 1142 1069 prodere
1163 990 1260 1054 vultui

345 1075 487 1162 ⁴l’ortnm
508 1087 571 1160 adit
592 1107 622 1160 et
642 1098 738 1178 virga,
762 1099 843 1160 nullo
867 1099 1047 1172 obsistente,
1070 1100 1205 1162 reclusit.

410 1210 435 1272 0
458 1210 542 1271 coelo
565 1208 659 1288 pulsi,
681 1225 754 1286 gens
776 1209 1017 1288 despectissima,
1042 1209 1072 1270 in
1097 1217 1162 1270 atro

317 1327 350 1381 85
367 1319 484 1381 Limine
507 1318 638 1390 dicebat,
662 1335 721 1397 quo
743 1318 818 1378 haec
840 1327 920 1380 tanta
944 1319 1068 1381 audacia
1090 1314 1207 1380 crevit?

369 1429 449 1502 Quid
471 1435 574 1489 contra
597 1427 752 1489 arbitrium
774 1427 882 1488 mentis
904 1438 1032 1508 pugnate
1056 1447 1213 1508 supernae,

370 1538 423 1601 Cui
446 1537 490 1598 ris
512 1537 591 1598 nulla
613 1537 705 1610 valet,
730 1555 817 1616 quem
839 1538 914 1610 vult,
938 1537 1115 1618 abrumpere
1138 1539 1238 1610 linem,

368 1649 406 1710 Et
428 1666 503 1726 quac
525 1665 578 1707 vos
599 1665 696 1727 poena
719 1663 809 1725 saepe
831 1647 984 1726 asperiore
1008 1644 1161 1726 gravarit?

371 1757 449 1831 Quid
471 1757 596 1836 prodest
616 1773 722 1833 urgere
744 1756 822 1817 baud
845 1756 1002 1819 eluctabilo
1026 1753 1141 1818 letum?

320 1879 354 1932 ao
371 1865 518 1928 Cerberus
541 1865 591 1925 bic
611 1873 725 1936 vester,
745 1865 808 1945 jam
830 1885 883 1926 vos
905 1867 1080 1928 meminisse
1102 1867 1239 1947 potestis,

372 1977 475 2037 Gestat
496 1975 593 2037 adbuc
615 1984 746 2036 mentum
770 1982 800 2036 et
823 1975 877 2037 tria
900 1985 1017 2054 guttura
1040 1977 1149 2039 vellere
1172 1975 1261 2037 oudo.

414 2085 526 2147 Deinde
549 2083 624 2146 riam
647 2084 683 2146 ad
708 2085 824 2146 loedam
848 2103 968 2163 gressus
991 2085 1111 2148 dellexit
1132 2095 1163 2148 et
1184 2085 1260 2148 ultra
1304 2075 1308 2084 ⁵

372 2195 455 2257 llaud
478 2195 569 2256 ullum
592 2194 680 2256 nobis
702 2194 836 2272 signum;
859 2196 912 2256 sed
937 2195 1004 2258 telis
1026 2193 1137 2268 abibat,

374 2305 494 2379 Qualis,
517 2304 564 2365 eoi
586 2311 691 2383 pectus
714 2305 802 2381 longe
824 2305 940 2365 diversa
963 2305 1122 2377 remordet,

322 2431 355 2484 os
374 2417 469 2490 Quam
493 2434 568 2494 quae
590 2431 660 2476 eura
682 2413 806 2493 premit,
830 2433 882 2476 sua
906 2433 983 2495 quos
1004 2415 1085 2476 ridet
1106 2433 1158 2476 ora
1181 2423 1310 2476 tuentes.

373 2525 449 2598 Nos,
471 2523 596 2584 simulac
618 2533 736 2585 sanctas
759 2522 857 2586 emisit
879 2531 1002 2603 pectore
1024 2541 1122 2596 voees,

374 2634 497 2695 Terram
519 2631 617 2693 securi
640 2633 785 2712 petimus,
808 2632 950 2713 nulloque
971 2640 1088 2694 retente

374 2743 531 2804 lntulimus
553 2759 685 2820 gressus.
728 2742 805 2820 Ego,
829 2743 879 2821 qui
903 2761 1084 2820 cognoscere
1106 2743 1238 2815 arebam,

376 2853 528 2926 Quaenam
552 2850 683 2913 conditio
707 2851 782 2911 vallo
806 2850 975 2913 includatur
996 2853 1025 2913 in
1049 2852 1110 2922 itlo,

277 3037 280 3044 Ἰ
311 2975 358 3026 100
376 2961 439 3022 lluc
462 2959 549 3020 simul
572 2960 693 3028 intravi.
717 2971 800 3021 stans
821 2960 921 3021 omnia
944 2961 1151 3042 circumspexi.

419 3069 577 3133 Planitiem
598 3070 658 3131 ridi
681 3071 768 3148 longe
792 3071 908 3150 lateque
931 3079 1093 3150 patentem,

378 3181 413 3242 Et
434 3180 514 3241 luctu
538 3188 568 3239 et
589 3179 663 3242 diris
686 3181 868 3242 eruciatibus
890 3180 989 3240 omnia
1012 3181 1110 3260 plena.

378 3290 462 3352 Sicut
483 3291 560 3370 apud
582 3291 705 3351 dacusa
727 3289 863 3352 Ruooom
886 3290 1051 3368 stagnantis
1073 3291 1104 3351 in
1126 3309 1189 3365 ora,

378 3400 462 3464 Siout
483 3399 561 3479 apud
584 3399 706 3472 Poena,
730 3401 813 3461 sinus
836 3399 914 3461 unde
936 3399 1114 3462 Liburnicus
1136 3417 1250 3482 aequor

314 3519 361 3572 roo
378 3508 543 3588 Prospicit,
566 3509 689 3570 lrnurnu
712 3509 791 3588 quod
814 3509 939 3581 claudit,
964 3519 993 3570 et
1016 3509 1099 3571 alluit
1121 3511 1209 3572 undis

378 3619 462 3681 lllius
484 3621 572 3692 flues,
596 3626 657 3679 tota
680 3627 726 3680 est
746 3618 856 3680 variata
880 3618 1047 3699 sepulchris

381 3729 497 3800 Tellus3
520 3728 569 3788 hic
593 3726 679 3790 talem
704 3728 809 3790 taciem
833 3727 916 3790 loeus
939 3728 1071 3808 undique
1093 3729 1237 3804 habebam

381 3837 491 3918 Excipe
514 3837 593 3915 quod
616 3838 713 3898 luctus
735 3838 784 3899 bic
805 3837 873 3917 plus
896 3849 960 3899 erat
981 3847 1069 3919 atque
1092 3839 1215 3900 doloris.

382 3947 515 4026 Namque
537 3947 614 4008 arcis
636 3948 758 4009 sorberet
778 3949 914 4009 dammae
934 3947 980 4008 ris
1002 3948 1115 4010 torrida
1137 3949 1260 4030 passim,

318 4063 366 4115 tto
384 4058 479 4130 Quam
504 4064 627 4136 propter
647 4063 729 4118 tanto
751 4057 919 4120 candebant
938 4075 1087 4120 marmora
1110 4059 1146 4120 ab
1169 4067 1263 4132 aestu,

386 4167 423 4228 Ut
445 4166 523 4226 nulla
547 4185 596 4226 ars
619 4175 705 4243 cogat
726 4165 770 4227 sie
792 4166 864 4226 lerri
887 4167 1040 4246 ignescere
1062 4185 1202 4230 massam.

386 4277 497 4338 Cuncta
521 4274 732 4356 impendebant
754 4291 899 4355 suspensa
921 4275 968 4338 bis
991 4278 1135 4355 tegmina,
1160 4287 1189 4340 et
1211 4277 1281 4340 iude

385 4385 442 4448 stu
466 4385 661 4466 erumpebant
682 4385 824 4464 gemitus.
846 4385 997 4468 duraeque
1020 4388 1158 4470 querelae

266 4585 512 4598 —fl———u-
792 4587 920 4596 —o—Q..-
