3136 5164
95 345 100 529 Ι
608 395 741 450 Plututst
762 398 802 448 ΙΙΙ.

93 533 97 693 l
201 615 248 678 Nil
270 613 388 680 sitiens.
431 615 548 678 Etenim
570 615 597 678 si
618 615 711 678 lomet
731 627 833 678 nostra
856 615 976 696 cupido,

93 699 97 845 J
154 738 186 792 tu
200 723 364 806 Adspirure
386 725 462 788 ultre
483 733 573 805 etque
594 724 689 804 magis
712 723 851 788 sublimia
873 725 958 798 inire,

93 848 97 925 t
200 835 310 898 Nostro
332 835 432 896 torem
452 843 520 897 rote
542 833 624 898 illius
646 833 808 915 pugnantia
829 834 933 908 menti,

93 932 96 1037 l
202 943 261 1018 Qui
283 963 340 1007 nos
361 943 515 1025 sejunctus
536 942 628 1006 hebet
647 942 714 1018 hic;
737 942 816 1023 quod
839 943 956 1025 etipse
976 943 1094 1008 videbis

200 1053 267 1116 Nou
289 1054 398 1116 cedere
420 1053 452 1116 iu
474 1053 618 1135 sphaeras
640 1052 723 1126 istus,
745 1051 798 1116 ubi
819 1071 920 1117 emere
939 1073 1066 1118 necesse

200 1162 300 1236 Dices,
322 1163 349 1224 si
369 1162 449 1226 bene
470 1171 607 1226 naturam
627 1161 819 1243 perspexeris
838 1162 928 1244 hujus

152 1287 185 1342 75
200 1275 320 1336 Aestus.
363 1271 443 1346 Quin
466 1271 526 1335 imo
546 1279 609 1334 stet
629 1272 659 1334 iu
680 1271 740 1334 hoc
759 1270 838 1334 vitoe
860 1283 927 1336 esse
948 1271 1068 1338 beatae:

90 1326 94 1481 l
202 1382 288 1444 Stare
310 1381 387 1445 iutro
409 1383 495 1455 flues,
518 1400 594 1462 quos
616 1382 668 1444 olet
689 1380 790 1444 dicius
809 1381 958 1455 voluntas,

202 1490 279 1555 Cum
298 1509 355 1572 qua
377 1490 416 1552 de
437 1490 551 1554 nostris
572 1509 691 1571 quoque
711 1491 747 1554 uc
765 1508 852 1554 mens
872 1491 1023 1556 mentibus
1048 1511 1118 1558 uus.

202 1601 302 1676 erare
324 1599 557 1682 qualescumque
578 1619 682 1664 sumus
702 1619 758 1683 per
779 1599 871 1664 mults
893 1601 1038 1681 gradatim

201 1709 329 1784 Limine,
352 1709 383 1772 iel
405 1718 436 1772 et
455 1727 549 1789 reguo
570 1710 671 1791 placet
691 1711 782 1784 omui,
805 1728 866 1774 uon
888 1730 978 1774 secus
997 1710 1059 1792 ipsi

89 1866 92 1907 ,
150 1829 183 1884 8⁰
199 1820 284 1900 uugi,
307 1820 359 1902 qui
380 1838 436 1882 uos
458 1831 566 1900 sponte
587 1839 641 1884 sue
663 1819 763 1894 trehit,
786 1829 876 1901 etque
896 1820 1033 1885 voluntas

198 1931 295 2012 llujus
317 1949 375 2011 per
397 1937 499 1994 uostre
521 1937 577 1992 est
620 1929 690 2011 lpse
712 1937 759 1992 est
779 1927 852 1992 illud
873 1949 957 1994 mere
978 1948 1127 2010 moguum,

200 2041 278 2115 Quo,
301 2039 446 2121 quidqrrlrl
469 2047 551 2104 creet
572 2038 632 2114 ills,
654 2049 744 2121 etque
765 2039 829 2104 edit
847 2039 925 2105 lucie
947 2040 977 2104 iu
1000 2059 1089 2104 eurus

198 2149 320 2225 Nature,
343 2149 466 2214 assiduo
487 2157 587 2214 motus
608 2149 766 2214 eonomine
787 2149 893 2214 tendit.

88 2190 91 2324 l
242 2261 320 2322 Tum
341 2259 439 2341 putuit
458 2258 542 2334 milri,
565 2267 598 2322 ut
618 2259 650 2322 iu
673 2258 758 2322 coelo
779 2257 941 2324 Paradisus
962 2258 1076 2341 ubique
1097 2269 1159 2324 est:

87 2380 90 2446 l
149 2381 182 2437 tto
198 2369 264 2432 Etsi
286 2377 392 2432 cuneta
412 2368 508 2432 bosus
528 2369 661 2450 supremi
682 2369 776 2449 gretie
797 2367 909 2434 amoris

198 2479 328 2561 lmpluet
349 2479 428 2560 lruud
450 2497 557 2560 seque.
597 2479 654 2545 nto
674 2478 795 2542 illorum
815 2497 901 2544 more
921 2479 1061 2555 virorum,

200 2589 284 2664 Quos
306 2588 381 2669 depe
403 2607 463 2652 uuo
485 2587 568 2652 dedit
585 2597 720 2662 sauros,
742 2597 774 2652 et
794 2588 845 2652 ubi
866 2588 961 2653 alteru
981 2597 1079 2656 restet

198 2699 276 2762 Esco
297 2697 396 2778 gulam
417 2698 564 2774 alliciens,
587 2697 631 2762 illi
653 2699 731 2762 huuc
751 2707 889 2780 spectem
909 2698 1057 2775 ridentur,

200 2809 362 2889 Grstieque
383 2816 430 2871 est
451 2807 518 2872 eliis
541 2808 578 2872 tle
600 2806 713 2890 prime,
735 2825 792 2888 ego
813 2807 937 2872 nutibus
957 2827 1031 2874 usus

86 2837 90 3015 ⁴
149 2931 182 2987 uu
197 2919 237 2982 Et
257 2917 357 2982 verbis
379 2919 435 2998 egi,
457 2925 550 2982 totum
572 2927 606 2982 ut
626 2935 808 2998 cognoscere
829 2917 919 2982 telum

197 3030 333 3104 Possem,
355 3029 435 3092 uude
456 3029 533 3092 hsec
552 3027 670 3092 redium
691 3027 825 3091 noudum
846 3029 883 3092 ed
906 3027 1004 3109 cupite
1028 3028 1129 3092 ultima
1148 3033 1243 3094 trexlt

239 3139 395 3202 Perfectus
417 3137 457 3200 ub
479 3157 600 3202 cursum
620 3138 708 3212 ritae,
730 3137 930 3218 mortuumque
951 3139 1132 3219 protundum

196 3249 294 3314 Altius
315 3249 347 3310 iu
369 3248 464 3323 coelo,
486 3248 570 3322 uixit,
592 3255 652 3313 sut
672 3247 792 3322 lemine,
815 3246 902 3329 cujus

197 3360 242 3423 to
265 3377 401 3422 normam
422 3358 453 3421 iu
474 3358 562 3420 terris
582 3375 637 3420 ros
656 3357 738 3420 inter
758 3357 890 3422 membre
913 3367 1062 3438 teguntur,

148 3477 182 3533 ul
197 3469 378 3549 velaturque
400 3476 499 3549 ceput.
542 3467 629 3532 Ilulci
650 3468 724 3532 dere
744 3485 871 3548 corpore
893 3485 1010 3541 somno,

197 3579 236 3642 Et
254 3578 378 3658 vigilare
399 3576 451 3640 illo
473 3595 542 3640 oum
563 3595 676 3659 sponso
697 3585 816 3657 tempus
837 3577 874 3640 ecl
896 3597 992 3659 usque

196 3689 384 3752 Postremum
407 3687 542 3768 cupiens,
564 3688 613 3750 cui
635 3689 711 3760 fiunt
731 3687 831 3752 omnic
854 3706 922 3752 cere

196 3798 234 3861 Et
253 3805 328 3871 rete,
352 3816 426 3878 quoue
448 3797 545 3879 pictos
568 3805 599 3862 et
619 3815 704 3861 emor
725 3797 894 3860 conformet
913 3797 950 3859 ecl
973 3815 1099 3879 aequum

197 3907 281 3970 lllius
301 3915 441 3970 mentem.
486 3907 642 3970 Primoerc
664 3908 740 3970 llere
757 3907 907 3988 juventae,

134 4029 181 4082 tou
196 4017 280 4080 Illum
303 4024 335 4077 ut
355 4015 566 4097 subsequerer,
587 4025 684 4080 terroe
706 4016 785 4080 boue
807 4018 885 4080 tluxe
906 4015 1005 4080 velere

195 4125 286 4202 lussi,
310 4145 430 4207 quoque
452 4126 502 4190 ille
524 4145 579 4190 use
600 4127 665 4200 luit,
688 4145 738 4190 me
757 4125 851 4190 vestis
872 4126 982 4190 amictu

195 4236 317 4312 lnclusi,
340 4243 512 4318 sectamque
534 4237 621 4318 sequi
643 4245 803 4316 sectaeque
824 4237 996 4316 magistram

196 4348 293 4420 Certe,
315 4344 422 4427 petam·
436 4347 512 4410 rori.
544 4347 593 4410 ,tt
613 4365 688 4427 gem
708 4346 777 4428 plus
798 4345 877 4412 male
898 4357 982 4412 sueto
1004 4365 1122 4424 nocere,
