3136 5164
96 424 100 511 i
566 407 747 458 evaserumt
764 409 841 458 xxtn.

203 627 242 689 Et
261 627 395 689 dicturus
418 645 508 700 eram,
532 626 599 704 quis
621 626 687 698 sim,
710 626 769 688 nisi
789 627 852 688 visa
872 635 996 708 repente

203 737 262 800 lies
285 737 341 800 alia
364 756 399 799 ao
420 737 568 816 necopina
590 755 642 798 aua
664 736 794 798 novitate
816 744 985 816 stupentem

202 847 249 910 lle
272 847 434 910 defixisset.
478 845 575 908 lledio
597 863 665 907 nam
688 845 718 906 in
741 845 815 908 ealle
837 855 974 909 vomente

154 977 185 1030 ιε
201 957 359 1030 Flammas,
382 956 451 1018 huie
473 954 554 1033 genti
575 971 649 1031 gene
672 955 758 1017 obvia
780 957 876 1018 fronte
897 955 1010 1030 mebat,

204 1067 288 1141 Quae
309 1085 358 1128 me
380 1083 560 1145 suspensum
581 1066 686 1127 tenuit.
729 1065 831 1127 Video*
844 1064 976 1145 undique
998 1087 1147 1149 quemque

202 1175 343 1238 Umbram
364 1175 406 1237 ibi
428 1175 534 1238 leelina
556 1174 686 1236 venienti
707 1191 866 1236 occurrere
888 1183 917 1236 et
938 1195 1041 1238 unam·

203 1286 362 1364 Quamque
384 1285 441 1346 sibi
464 1284 586 1345 alternis
607 1285 748 1364 partirier
768 1285 870 1346 osetda
892 1286 1008 1364 raptim,

91 1412 94 1425 ·
201 1395 265 1457 Nee
285 1413 450 1457 remanere.
472 1393 556 1456 brevi
578 1401 745 1456 contentam
767 1394 892 1472 pignone
913 1396 1033 1457 amoris.

90 1430 94 1615 l
152 1515 185 1568 se
200 1504 268 1566 Non
290 1505 378 1566 aliter
397 1503 515 1580 nigmm
537 1503 569 1564 in
591 1503 705 1582 eampis
728 1503 851 1566 lormioa
872 1521 928 1583 per
948 1523 1054 1583 agmen

202 1613 245 1676 Oa
267 1615 312 1676 ori
334 1613 456 1675 alterius
474 1613 580 1694 jungit,
604 1631 672 1674 oum
694 1614 770 1674 lente
793 1613 901 1692 cupido

200 1723 273 1784 Fert
294 1724 350 1784 iter
372 1730 402 1784 et
423 1741 511 1784 essue
533 1723 674 1784 comitum
695 1723 816 1785 novisse
837 1741 966 1786 suanum.

88 1818 92 1913 l
242 1833 281 1894 Et
302 1833 425 1895 simulac
445 1832 541 1894 visum
564 1841 611 1894 est
632 1831 961 1909 congressumsolvere
983 1835 1120 1908 amioum,

88 1924 91 2017 l
199 1943 275 2005 Ante
297 1944 382 2023 prior
401 1959 510 2021 passus
533 1961 620 2021 quam
642 1941 710 2004 illue
732 1942 911 2004 transmittat
933 1951 1045 2017 euntes,

150 2058 183 2110 ed
200 2051 322 2130 Singula
344 2071 479 2132 quaeque
501 2069 608 2114 novam
628 2069 685 2132 per
705 2070 738 2113 se
760 2068 902 2131 superare
923 2049 1037 2114 laborat

200 2161 334 2235 Gentem,
358 2161 512 2224 clamando
535 2161 610 2223 elate
631 2161 793 2223 Sodomam
814 2167 903 2239 atque
925 2161 1115 2238 Gomorram

198 2271 237 2334 Et
257 2290 334 2334 nova
356 2289 429 2350 qens
451 2279 553 2333 eontra
576 2270 719 2332 clamabat
740 2277 861 2351 pectore
882 2277 961 2332 toto:

198 2380 346 2460 Pasiphae
366 2398 486 2442 vaccam
508 2381 643 2460 ingressa
665 2389 720 2454 eet,
741 2389 775 2442 nt
796 2389 897 2442 tanum
919 2381 951 2442 in
972 2381 1047 2442 irum

198 2491 342 2553 Laseivae
363 2491 500 2552 irrueret.
543 2490 618 2552 Dein
639 2489 746 2570 pennis
768 2489 827 2552 alta
844 2499 999 2552 sonantum

85 2483 89 2687 l
148 2612 182 2666 to
197 2601 281 2662 llore
303 2619 417 2680 quum,
439 2601 510 2662 dum
530 2617 602 2680 pars
623 2609 741 2662 montes
762 2601 837 2679 petit
857 2617 916 2662 una
937 2599 1097 2680 Riphaeos,

197 2711 297 2774 Altera
319 2729 461 2772 arenosas
483 2718 587 2782 terras,
610 2729 645 2772 ea
666 2711 769 2788 frigus,
792 2718 822 2771 et
842 2710 898 2771 ista

196 2819 353 2899 Effugiens
375 2820 484 2893 selem3
506 2819 605 2900 pergit
626 2837 699 2898 gens
720 2819 820 2893 altera,
844 2819 986 2899 adestque

196 2930 313 3006 Altera3
336 2929 444 2991 deinde
466 2931 573 2992 iterum
595 2930 627 2992 in
649 2929 785 2991 lacrimas
808 2938 971 3009 cantusque
994 2930 1112 3010 priores

197 3040 261 3102 lbet
284 3040 497 3118 clamoresque,
519 3048 608 3119 prout
629 3039 698 3119 plus
720 3057 867 3120 quamque
888 3039 1022 3102 decebat.

82 3138 86 3229 l
146 3161 179 3215 te
239 3148 354 3212 Deinde
376 3148 450 3210 mihi
471 3165 627 3211 accessere
648 3149 765 3223 iterum,
787 3148 866 3210 velut
886 3156 963 3222 ante,
986 3158 1125 3227 rogantes

197 3259 281 3334 Quae
303 3259 387 3339 prius
408 3258 803 3338 adstiterunt'intentaeque
825 3277 877 3320 ora
897 3257 1047 3321 tenebant.

240 3369 316 3431 Tum
339 3351 458 3448 quibis
480 3368 539 3430 vidi
561 3367 699 3442 studium,
723 3369 802 3448 quod
825 3368 934 3446 gratius
956 3378 1047 3441 esset,

195 3479 248 3542 Sie
271 3478 374 3558 coepi:
398 3477 424 3540 0
446 3479 561 3540 animae
583 3495 687 3540 secura
708 3496 782 3559 paee
803 3479 902 3558 potiri,

193 3589 378 3651 Adveniente
399 3588 457 3661 die,
481 3595 594 3662 certam
616 3605 674 3652 nee
694 3588 809 3662 acerba,
831 3607 887 3651 nee
908 3607 980 3650 nevo

145 3705 178 3759 eo
193 3698 288 3760 Plena
308 3707 515 3760 remanserunt
536 3697 597 3759 illio
618 3715 684 3760 mea
706 3698 848 3773 membra,
870 3697 923 3760 sed
946 3699 1012 3778 ipae

193 3806 311 3869 lleeum
333 3807 408 3870 haec
427 3808 542 3886 parmai
564 3825 632 3868 eum
653 3807 797 3886 sanguiue
819 3817 849 3870 et
870 3807 991 3870 ossibus
1013 3807 1121 3871 isthuc.

194 3915 271 3978 ilino
294 3933 349 3993 ego
372 3917 552 3992 conscende,
574 3935 614 3979 ne
636 3933 745 3979 eoeeus
766 3935 814 3979 me
835 3918 967 3997 implicet
988 3937 1073 3981 error

192 4027 362 4088 Praeterea.
404 4026 512 4088 llulier
532 4027 650 4106 superis
671 4027 702 4088 iu
724 4027 847 4090 sedibus
868 4027 974 4102 adstat,

192 4135 277 4198 llano
299 4135 372 4196 mihi
394 4154 469 4215 quae
492 4144 594 4198 exorat
614 4137 739 4210 veniam,
763 4145 793 4198 et
814 4137 936 4200 mortale
958 4155 1013 4217 per
1035 4137 1138 4200 orbem
1185 4221 1189 4228 ι

145 4255 176 4309 55
192 4245 262 4326 lpse
285 4245 350 4306 lero
372 4253 511 4308 ossuum.
555 4245 615 4308 Sed
637 4246 734 4326 major
752 4255 849 4309 vestra
871 4247 979 4327 cupido

193 4353 244 4416 Sie
265 4354 318 4416 dat
339 4362 468 4420 saturata
491 4355 560 4431 nito,
581 4365 614 4418 ut
635 4356 742 4418 demus
762 4355 882 4436 hospita
904 4356 1019 4418 eoelum
