3142 5166
1490 426 1493 485 2

237 443 242 452 ·
324 433 384 498 188
760 434 940 485 runoaronu
959 436 1016 486 ιιι.

386 654 433 718 dic
453 671 548 734 penes
569 651 674 716 affines
696 653 773 714 iema
795 672 825 714 ιιι
847 652 972 716 metiore
993 671 1116 734 repone,

322 775 371 832 lte
388 763 471 838 Quos
493 762 543 824 ilio
565 781 656 824 vanae
677 761 783 824 mistos
806 763 940 825 examine
961 763 1058 840 genus

388 872 509 946 Cernes,
532 889 620 952 quam
643 869 785 934 Telamon
807 871 899 935 multa
921 889 976 952 spe
998 872 1103 948 iectet3
1125 882 1154 935 at
1176 874 1243 938 ilios

387 982 459 1044 Pius
480 981 556 1043 haec
577 999 647 1062 spes
670 980 762 1054 iudet,
785 995 873 1061 quam
896 1001 964 1044 cum
985 983 1118 1062 reperire
1140 983 1262 1046 Dionem

386 1089 554 1168 Ardebant3
575 1109 675 1156 rernm
696 1090 851 1154 navarchis
873 1091 941 1172 pius
963 1092 1122 1156 emunctis.

879 1352 962 1436 XIV·

387 1530 499 1609 Ecquis
521 1531 547 1593 is
571 1539 624 1604 eet,
647 1530 757 1600 montis
780 1529 830 1610 qui
852 1529 947 1593 nostri
970 1531 1105 1594 circumit
1126 1531 1240 1604 orbem,

386 1641 461 1702 Ante
484 1641 542 1722 ipsi
562 1639 699 1704 volucres
722 1659 811 1720 quern
832 1657 914 1702 mors
936 1641 1080 1721 aptaverit
1100 1640 1172 1716 nias,

387 1751 483 1832 Atque
506 1751 601 1832 aperit
622 1749 791 1830 clauditque
813 1749 927 1823 oculos,
949 1757 982 1812 ut
1004 1763 1111 1832 sponte
1134 1751 1226 1814 iibido
1249 1750 1321 1815 est?

430 1860 488 1934 Qui
511 1861 559 1934 sit,
582 1859 659 1922 scire
681 1859 753 1920 mihi
775 1877 834 1922 non
858 1867 912 1932 est
936 1866 1034 1922 tamen
1056 1860 1299 1925 arbitror'istnm

354 1969 453 2034 ouon
475 1969 573 2032 solum
594 1970 650 2031 hos
672 1969 800 2032 intrasse
821 1969 915 2031 locos.
961 1969 1019 2044 Qui
1042 1971 1196 2050 proximus
1218 1972 1332 2046 adstas,

388 2080 518 2144 Comiter
538 2085 692 2160 acceptum
714 2079 832 2154 scituro,
855 2088 886 2142 nt
908 2095 980 2142 voce
1001 2080 1152 2160 loquatur.

387 2190 468 2252 Haeo
490 2189 576 2264 duae,
598 2195 742 2269 utraeque
763 2187 888 2252 humero
910 2187 1032 2252 alterius
1055 2209 1147 2271 snper
1167 2191 1385 2271 impendentes,
1491 2250 1493 2283 Ι

387 2299 516 2362 Umbrae
536 2297 578 2362 ibi
600 2299 787 2362 dextrorsum
809 2298 846 2360 de
868 2317 916 2362 me
939 2317 1078 2362 sermone
1100 2298 1255 2374 serebant:

386 2409 501 2472 Iieindc
522 2408 673 2472 locuturae
695 2408 775 2469 risus
798 2407 897 2470 iecere
920 2409 1055 2489 supinos,

339 2529 372 2583 lo
387 2521 482 2600 Atque
503 2536 577 2580 nne:
600 2517 625 2580 0
647 2518 753 2592 anima,
777 2517 882 2598 inquit,
905 2518 1003 2580 adhuc
1024 2536 1100 2600 qnae
1123 2520 1242 2600 corpori
1264 2519 1424 2584 inhaerens
1490 2522 1493 2587 ἱ

388 2629 511 2692 Coeinm
533 2626 723 2702 conscendis,
747 2645 868 2708 quaeso,
891 2626 990 2690 solere
1012 2636 1151 2706 rogantes

385 2739 491 2818 Atque,
514 2737 643 2799 undeet
665 2737 716 2816 qni
739 2737 791 2810 sis,
814 2736 943 2800 humane
964 2737 1098 2800 edissere
1119 2736 1219 2802 nobis.

385 2845 520 2926 Namque
542 2852 664 2926 stupore
686 2851 767 2908 tenet
789 2854 870 2909 tanto
892 2855 941 2910 tna
962 2848 1055 2926 gretie
1076 2855 1207 2911 mentem

385 2955 480 3018 Nobis
501 2955 636 3027 defixam,
658 2961 692 3019 ut
713 2973 788 3035 quae
810 2973 962 3037 nunquam
982 2966 1053 3020 nota
1075 2958 1168 3020 inere.

337 3075 369 3130 tt
385 3065 581 3148 Exspatiatur,
605 3081 708 3145 epum
729 3063 864 3128 lambens
885 3066 1026 3142 medium,
1049 3068 1127 3130 inter
1147 3068 1312 3132 licinuscos

385 3175 568 3248 Ammonius,
591 3174 661 3250 dixi,
684 3175 733 3238 cui
754 3174 910 3240 Falterone
932 3176 1111 3251 detortum

386 3287 449 3350 Nec
471 3287 542 3350 satis
564 3293 611 3348 est
632 3286 681 3348 isti
703 3301 881 3366 pernumere
902 3285 993 3349 miliia
1017 3295 1144 3350 centnm.

386 3396 459 3459 inde
480 3414 570 3476 sopra
591 3395 649 3456 hos
671 3402 752 3456 artus
774 3394 909 3475 deporto,
935 3404 965 3458 et
984 3415 1059 3460 rane
1081 3395 1211 3478 requiris

386 3504 538 3568 Homendo
561 3503 700 3585 deniqui
724 3503 789 3577 sim,
812 3523 941 3585 nemque
961 3505 1106 3570 hactenus
1129 3525 1216 3570 aures

335 3627 370 3680 2⁰
386 3615 471 3678 Hnud
492 3633 558 3678 mee
580 3613 735 3695 personuit
756 3622 803 3676 sat
824 3615 903 3677 ciero
925 3635 1076 3680 murmure
1098 3618 1186 3680 tama.

428 3723 462 3786 Si
482 3721 560 3786 bene
582 3724 717 3804 percipio
738 3723 858 3805 penitus
881 3733 931 3788 tna
953 3735 1076 3807 pectore
1098 3745 1195 3800 sense,

386 3831 561 3914 Respondit,
584 3835 634 3914 qui
657 3834 734 3896 setus
756 3843 819 3896 erat
839 3835 931 3915 prior,
954 3836 1054 3898 innuis
1073 3835 1195 3900 Arnum.

387 3941 482 4022 Atque
503 3943 543 4004 ait
564 3943 613 4006 iric
634 3943 723 4006 aiter:
746 3942 806 4006 Cor
827 3944 882 4006 iste
904 3945 1048 4008 vocabule
1070 3955 1166 4008 terreo

386 4051 469 4114 iilius
490 4053 580 4115 modo
602 4071 658 4114 nos
681 4052 766 4126 celat,
788 4053 868 4115 velot
888 4055 1008 4118 horrida
1031 4052 1135 4119 dictu?

289 4201 293 4210 ·
335 4177 369 4232 25
388 4161 530 4243 Quaeque
552 4169 652 4241 rogata
675 4161 739 4236 tuit,
762 4165 884 4244 proprio
907 4165 953 4226 sio
973 4183 1096 4228 munere
1118 4167 1219 4227 iuncte
1241 4173 1287 4228 est

387 4271 510 4335 Umbro:
532 4272 617 4335 Haud
639 4272 696 4335 isu
719 4272 793 4348 scio,
816 4291 917 4336 verum
939 4275 1029 4356 hujus
1051 4276 1171 4338 nomina
1192 4273 1276 4338 vallis

387 4383 463 4446 Sunt
484 4382 581 4462 digna,
603 4390 638 4446 ut
658 4391 796 4464 pereant:
818 4400 887 4447 narn
909 4384 1004 4464 prime
1026 4385 1206 4464 aurugine,
1228 4383 1280 4447 ubi
1303 4385 1403 4448 amnis

297 4583 681 4594 ..ι-ψ
