<?xml version="1.0" encoding="UTF-8"?>
<!DOCTYPE html PUBLIC "-//W3C//DTD XHTML 1.0 Transitional//EN"
    "http://www.w3.org/TR/xhtml1/DTD/xhtml1-transitional.dtd">
<html xmlns="http://www.w3.org/1999/xhtml" xml:lang="en" lang="en">
 <head>
  <title>
</title>
<meta http-equiv="Content-Type" content="text/html;charset=utf-8" />
  <meta name='ocr-system' content='tesseract 3.04.00' />
  <meta name='ocr-capabilities' content='ocr_page ocr_carea ocr_par ocr_line ocrx_word'/>
</head>
<body>
  <div class='ocr_page' id='page_1' title='image "./divinacomoedia00piazgoog_0103.png"; bbox 0 0 3124 5170; ppageno 0'>
   <div class='ocr_carea' id='block_1_1' title="bbox 319 435 1024 500">
    <p class='ocr_par' dir='ltr' id='par_1_1' title="bbox 319 435 1024 500">
     <span class='ocr_line' id='line_1_1' title="bbox 319 435 1024 500; baseline -0.003 -14"><span class='ocrx_word' id='word_1_1' title='bbox 319 435 362 500; x_wconf 72' lang='lat'><strong>48</strong></span> <span class='ocrx_word' id='word_1_2' title='bbox 751 435 944 486; x_wconf 85' lang='lat' dir='ltr'><strong>ruronuonou</strong></span> <span class='ocrx_word' id='word_1_3' title='bbox 963 435 1024 486; x_wconf 86' lang='lat' dir='ltr'><strong>xru.</strong></span> 
     </span>
    </p>
   </div>
   <div class='ocr_carea' id='block_1_2' title="bbox 321 651 1256 1064">
    <p class='ocr_par' dir='ltr' id='par_1_2' title="bbox 386 651 1131 846">
     <span class='ocr_line' id='line_1_2' title="bbox 387 651 1131 734; baseline -0.004 -16"><span class='ocrx_word' id='word_1_4' title='bbox 387 657 521 718; x_wconf 76' lang='lat' dir='ltr'><strong>Conseri</strong></span> <span class='ocrx_word' id='word_1_5' title='bbox 545 653 657 718; x_wconf 79' lang='lat' dir='ltr'><strong>crimen</strong></span> <span class='ocrx_word' id='word_1_6' title='bbox 680 651 810 734; x_wconf 86' lang='lat' dir='ltr'><strong>patriae,</strong></span> <span class='ocrx_word' id='word_1_7' title='bbox 832 653 1011 725; x_wconf 68' lang='lat' dir='ltr'><strong>[inruentum</strong></span> <span class='ocrx_word' id='word_1_8' title='bbox 1033 653 1131 716; x_wconf 81' lang='lat' dir='ltr'><strong>adstat</strong></span> 
     </span>
     <span class='ocr_line' id='line_1_3' title="bbox 386 762 1099 846; baseline -0.006 -20"><span class='ocrx_word' id='word_1_9' title='bbox 386 765 492 827; x_wconf 75' lang='lat' dir='ltr'><strong>Ptoou</strong></span> <span class='ocrx_word' id='word_1_10' title='bbox 515 763 690 846; x_wconf 79' lang='lat' dir='ltr'><strong>progenies,</strong></span> <span class='ocrx_word' id='word_1_11' title='bbox 713 763 789 826; x_wconf 85' lang='lat' dir='ltr'><strong>niter</strong></span> <span class='ocrx_word' id='word_1_12' title='bbox 809 764 990 837; x_wconf 77' lang='lat' dir='ltr'><strong>Rornsmus3</strong></span> <span class='ocrx_word' id='word_1_13' title='bbox 1011 762 1099 824; x_wconf 85' lang='lat' dir='ltr'><strong>ambo</strong></span> 
     </span>
    </p>

    <p class='ocr_par' dir='ltr' id='par_1_3' title="bbox 321 871 1256 1064">
     <span class='ocr_line' id='line_1_4' title="bbox 321 871 1098 937; baseline 0.001 -4"><span class='ocrx_word' id='word_1_14' title='bbox 321 879 368 934; x_wconf 77' lang='lat'><strong>135</strong></span> <span class='ocrx_word' id='word_1_15' title='bbox 386 875 482 937; x_wconf 80' lang='lat' dir='ltr'><strong>Tanto</strong></span> <span class='ocrx_word' id='word_1_16' title='bbox 505 874 682 937; x_wconf 78' lang='lat' dir='ltr'><strong>infestantes</strong></span> <span class='ocrx_word' id='word_1_17' title='bbox 704 873 783 936; x_wconf 86' lang='lat' dir='ltr'><strong>belin</strong></span> <span class='ocrx_word' id='word_1_18' title='bbox 806 873 952 936; x_wconf 85' lang='lat' dir='ltr'><strong>insidiosa</strong></span> <span class='ocrx_word' id='word_1_19' title='bbox 974 871 1098 934; x_wconf 82' lang='lat' dir='ltr'><strong>riorum.</strong></span> 
     </span>
     <span class='ocr_line' id='line_1_5' title="bbox 385 982 1256 1064; baseline -0.002 -18"><span class='ocrx_word' id='word_1_20' title='bbox 385 985 483 1064; x_wconf 78' lang='lat' dir='ltr'><strong>Tergo</strong></span> <span class='ocrx_word' id='word_1_21' title='bbox 505 984 615 1048; x_wconf 91' lang='lat' dir='ltr'><strong>deinde</strong></span> <span class='ocrx_word' id='word_1_22' title='bbox 637 983 727 1056; x_wconf 87' lang='lat' dir='ltr'><strong>dato,</strong></span> <span class='ocrx_word' id='word_1_23' title='bbox 750 991 864 1046; x_wconf 77' lang='lat' dir='ltr'><strong>rement</strong></span> <span class='ocrx_word' id='word_1_24' title='bbox 884 984 956 1046; x_wconf 87' lang='lat' dir='ltr'><strong>roda</strong></span> <span class='ocrx_word' id='word_1_25' title='bbox 980 993 1048 1045; x_wconf 88' lang='lat' dir='ltr'><strong>noto</strong></span> <span class='ocrx_word' id='word_1_26' title='bbox 1071 982 1256 1046; x_wconf 79' lang='lat' dir='ltr'><strong>bimembris.</strong></span> 
     </span>
    </p>
   </div>
   <div class='ocr_carea' id='block_1_3' title="bbox 875 1243 964 1326">
    <p class='ocr_par' dir='ltr' id='par_1_4' title="bbox 875 1243 964 1326">
     <span class='ocr_line' id='line_1_6' title="bbox 875 1243 964 1326; baseline 0 0"><span class='ocrx_word' id='word_1_27' title='bbox 875 1243 964 1326; x_wconf 83' lang='grc' dir='ltr'><strong>ΧΙΙΙ.</strong></span> 
     </span>
    </p>
   </div>
   <div class='ocr_carea' id='block_1_4' title="bbox 385 1421 1494 2621">
    <p class='ocr_par' dir='ltr' id='par_1_5' title="bbox 385 1421 1496 2621">
     <span class='ocr_line' id='line_1_7' title="bbox 428 1421 1236 1502; baseline 0 -17"><span class='ocrx_word' id='word_1_28' title='bbox 428 1424 566 1486; x_wconf 88' lang='lat' dir='ltr'><strong>Nondum</strong></span> <span class='ocrx_word' id='word_1_29' title='bbox 587 1422 678 1486; x_wconf 86' lang='lat' dir='ltr'><strong>etiam</strong></span> <span class='ocrx_word' id='word_1_30' title='bbox 698 1421 815 1484; x_wconf 85' lang='lat' dir='ltr'><strong>Nessus</strong></span> <span class='ocrx_word' id='word_1_31' title='bbox 837 1422 921 1502; x_wconf 80' lang='lat' dir='ltr'>ripae</span> <span class='ocrx_word' id='word_1_32' title='bbox 942 1422 1084 1486; x_wconf 72' lang='lat' dir='ltr'><strong>ulteriora</strong></span> <span class='ocrx_word' id='word_1_33' title='bbox 1108 1423 1236 1496; x_wconf 89' lang='lat' dir='ltr'><strong>tenebat,</strong></span> 
     </span>
     <span class='ocr_line' id='line_1_8' title="bbox 386 1531 1193 1611; baseline -0.002 -15"><span class='ocrx_word' id='word_1_34' title='bbox 386 1533 460 1596; x_wconf 83' lang='lat' dir='ltr'><strong>Cum</strong></span> <span class='ocrx_word' id='word_1_35' title='bbox 482 1552 584 1594; x_wconf 87' lang='lat' dir='ltr'><strong>sumus</strong></span> <span class='ocrx_word' id='word_1_36' title='bbox 606 1531 735 1611; x_wconf 77' lang='lat' dir='ltr'><strong>ingressi</strong></span> <span class='ocrx_word' id='word_1_37' title='bbox 757 1531 838 1594; x_wconf 87' lang='lat' dir='ltr'><strong>nulio</strong></span> <span class='ocrx_word' id='word_1_38' title='bbox 862 1533 959 1594; x_wconf 86' lang='lat' dir='ltr'><strong>tritam</strong></span> <span class='ocrx_word' id='word_1_39' title='bbox 981 1533 1059 1611; x_wconf 86' lang='lat' dir='ltr'><strong>pede</strong></span> <span class='ocrx_word' id='word_1_40' title='bbox 1080 1531 1193 1594; x_wconf 83' lang='lat' dir='ltr'><strong>silvam.</strong></span> 
     </span>
     <span class='ocr_line' id='line_1_9' title="bbox 385 1641 1225 1720; baseline 0 -16"><span class='ocrx_word' id='word_1_41' title='bbox 385 1644 450 1705; x_wconf 90' lang='lat' dir='ltr'><strong>Non</strong></span> <span class='ocrx_word' id='word_1_42' title='bbox 474 1643 595 1704; x_wconf 76' lang='lat' dir='ltr'><strong>frondes</strong></span> <span class='ocrx_word' id='word_1_43' title='bbox 616 1643 745 1716; x_wconf 86' lang='lat' dir='ltr'><strong>virides,</strong></span> <span class='ocrx_word' id='word_1_44' title='bbox 768 1643 851 1704; x_wconf 84' lang='lat' dir='ltr'><strong>insen</strong></span> <span class='ocrx_word' id='word_1_45' title='bbox 873 1650 904 1704; x_wconf 87' lang='lat' dir='ltr'><strong>at</strong></span> <span class='ocrx_word' id='word_1_46' title='bbox 926 1641 1076 1720; x_wconf 78' lang='lat' dir='ltr'><strong>ferrugine</strong></span> <span class='ocrx_word' id='word_1_47' title='bbox 1100 1643 1225 1718; x_wconf 75' lang='lat' dir='ltr'><strong>tinotoe3</strong></span> 
     </span>
     <span class='ocr_line' id='line_1_10' title="bbox 385 1751 1120 1832; baseline -0.002 -18"><span class='ocrx_word' id='word_1_48' title='bbox 385 1752 451 1815; x_wconf 89' lang='lat' dir='ltr'><strong>Non</strong></span> <span class='ocrx_word' id='word_1_49' title='bbox 473 1751 682 1826; x_wconf 64' lang='lat' dir='ltr'><strong>remitteres,</strong></span> <span class='ocrx_word' id='word_1_50' title='bbox 705 1763 736 1815; x_wconf 80' lang='lat' dir='ltr'><strong>at</strong></span> <span class='ocrx_word' id='word_1_51' title='bbox 756 1752 865 1814; x_wconf 81' lang='lat' dir='ltr'><strong>nodosi</strong></span> <span class='ocrx_word' id='word_1_52' title='bbox 887 1752 978 1832; x_wconf 84' lang='lat' dir='ltr'><strong>ioque</strong></span> <span class='ocrx_word' id='word_1_53' title='bbox 999 1751 1120 1832; x_wconf 73' lang='lat' dir='ltr'><strong>piioati3</strong></span> 
     </span>
     <span class='ocr_line' id='line_1_11' title="bbox 1491 2578 1494 2621; baseline 0 0"><span class='ocrx_word' id='word_1_54' title='bbox 1491 2578 1494 2621; x_wconf 83' lang='lat' dir='ltr'><strong>t</strong></span> 
     </span>
    </p>
   </div>
   <div class='ocr_carea' id='block_1_5' title="bbox 328 1861 1495 4473">
    <p class='ocr_par' dir='ltr' id='par_1_6' title="bbox 351 1861 1161 1943">
     <span class='ocr_line' id='line_1_12' title="bbox 351 1861 1161 1943; baseline 0 -19"><span class='ocrx_word' id='word_1_55' title='bbox 351 1861 450 1933; x_wconf 83' lang='lat' dir='ltr'><strong>5Non</strong></span> <span class='ocrx_word' id='word_1_56' title='bbox 472 1862 555 1943; x_wconf 88' lang='lat' dir='ltr'><strong>pomi</strong></span> <span class='ocrx_word' id='word_1_57' title='bbox 577 1863 715 1935; x_wconf 76' lang='lat' dir='ltr'><strong>stabant,</strong></span> <span class='ocrx_word' id='word_1_58' title='bbox 738 1861 856 1943; x_wconf 83' lang='lat' dir='ltr'><strong>spineta</strong></span> <span class='ocrx_word' id='word_1_59' title='bbox 879 1871 909 1924; x_wconf 90' lang='lat' dir='ltr'><strong>at</strong></span> <span class='ocrx_word' id='word_1_60' title='bbox 928 1862 1016 1942; x_wconf 84' lang='lat' dir='ltr'><strong>piena</strong></span> <span class='ocrx_word' id='word_1_61' title='bbox 1037 1879 1161 1924; x_wconf 88' lang='lat' dir='ltr'><strong>veneno.</strong></span> 
     </span>
    </p>

    <p class='ocr_par' dir='ltr' id='par_1_7' title="bbox 383 1971 1327 2052">
     <span class='ocr_line' id='line_1_13' title="bbox 383 1971 1327 2052; baseline 0.002 -18"><span class='ocrx_word' id='word_1_62' title='bbox 383 1972 451 2035; x_wconf 85' lang='lat' dir='ltr'><strong>Non</strong></span> <span class='ocrx_word' id='word_1_63' title='bbox 473 1972 513 2034; x_wconf 88' lang='lat' dir='ltr'><strong>ito</strong></span> <span class='ocrx_word' id='word_1_64' title='bbox 536 1971 648 2034; x_wconf 86' lang='lat' dir='ltr'><strong>hebent</strong></span> <span class='ocrx_word' id='word_1_65' title='bbox 667 1971 780 2051; x_wconf 79' lang='lat' dir='ltr'><strong>rigidos</strong></span> <span class='ocrx_word' id='word_1_66' title='bbox 802 1971 928 2052; x_wconf 81' lang='lat' dir='ltr'><strong>stirpes,</strong></span> <span class='ocrx_word' id='word_1_67' title='bbox 950 1971 1124 2052; x_wconf 82' lang='lat' dir='ltr'><strong>passimque</strong></span> <span class='ocrx_word' id='word_1_68' title='bbox 1145 1972 1327 2052; x_wconf 81' lang='lat' dir='ltr'><strong>trequentes,</strong></span> 
     </span>
    </p>

    <p class='ocr_par' dir='ltr' id='par_1_8' title="bbox 385 2079 1151 2162">
     <span class='ocr_line' id='line_1_14' title="bbox 385 2079 1151 2162; baseline -0.001 -17"><span class='ocrx_word' id='word_1_69' title='bbox 385 2083 469 2157; x_wconf 83' lang='lat' dir='ltr'><strong>Quae</strong></span> <span class='ocrx_word' id='word_1_70' title='bbox 491 2082 608 2162; x_wconf 78' lang='lat' dir='ltr'><strong>fugiunt</strong></span> <span class='ocrx_word' id='word_1_71' title='bbox 628 2079 698 2144; x_wconf 92' lang='lat' dir='ltr'><strong>odio</strong></span> <span class='ocrx_word' id='word_1_72' title='bbox 721 2081 868 2146; x_wconf 73' lang='lat' dir='ltr'><strong>silvestria</strong></span> <span class='ocrx_word' id='word_1_73' title='bbox 892 2081 990 2144; x_wconf 78' lang='lat' dir='ltr'><strong>suecia</strong></span> <span class='ocrx_word' id='word_1_74' title='bbox 1012 2082 1151 2156; x_wconf 75' lang='lat' dir='ltr'><strong>seranum,</strong></span> 
     </span>
    </p>

    <p class='ocr_par' dir='ltr' id='par_1_9' title="bbox 384 2191 1139 2257">
     <span class='ocr_line' id='line_1_15' title="bbox 384 2191 1139 2257; baseline -0.001 -2"><span class='ocrx_word' id='word_1_75' title='bbox 384 2193 466 2257; x_wconf 87' lang='lat' dir='ltr'><strong>iuter</strong></span> <span class='ocrx_word' id='word_1_76' title='bbox 487 2193 637 2256; x_wconf 79' lang='lat' dir='ltr'><strong>Canomiu</strong></span> <span class='ocrx_word' id='word_1_77' title='bbox 660 2201 690 2255; x_wconf 92' lang='lat' dir='ltr'><strong>et</strong></span> <span class='ocrx_word' id='word_1_78' title='bbox 710 2192 873 2254; x_wconf 81' lang='lat' dir='ltr'><strong>Conrsrou</strong></span> <span class='ocrx_word' id='word_1_79' title='bbox 894 2191 973 2254; x_wconf 84' lang='lat' dir='ltr'><strong>culta</strong></span> <span class='ocrx_word' id='word_1_80' title='bbox 996 2191 1139 2254; x_wconf 87' lang='lat' dir='ltr'><strong>iocorum.</strong></span> 
     </span>
    </p>

    <p class='ocr_par' dir='ltr' id='par_1_10' title="bbox 335 2301 1366 2493">
     <span class='ocr_line' id='line_1_16' title="bbox 383 2301 1366 2383; baseline -0.002 -17"><span class='ocrx_word' id='word_1_81' title='bbox 383 2303 439 2367; x_wconf 80' lang='lat' dir='ltr'><strong>flio</strong></span> <span class='ocrx_word' id='word_1_82' title='bbox 460 2301 563 2366; x_wconf 83' lang='lat' dir='ltr'><strong>nidum</strong></span> <span class='ocrx_word' id='word_1_83' title='bbox 585 2303 768 2376; x_wconf 83' lang='lat' dir='ltr'><strong>obscoenae,</strong></span> <span class='ocrx_word' id='word_1_84' title='bbox 791 2303 988 2383; x_wconf 86' lang='lat' dir='ltr'><strong>strophodum</strong></span> <span class='ocrx_word' id='word_1_85' title='bbox 1010 2319 1086 2381; x_wconf 87' lang='lat' dir='ltr'><strong>qnae</strong></span> <span class='ocrx_word' id='word_1_86' title='bbox 1107 2301 1208 2364; x_wconf 88' lang='lat' dir='ltr'><strong>littore</strong></span> <span class='ocrx_word' id='word_1_87' title='bbox 1230 2301 1366 2366; x_wconf 77' lang='lat' dir='ltr'><strong>Teucros</strong></span> 
     </span>
     <span class='ocr_line' id='line_1_17' title="bbox 335 2412 1051 2493; baseline 0.001 -21"><span class='ocrx_word' id='word_1_88' title='bbox 335 2420 366 2472; x_wconf 89' lang='lat' dir='ltr'><strong>to</strong></span> <span class='ocrx_word' id='word_1_89' title='bbox 382 2413 490 2476; x_wconf 84' lang='lat' dir='ltr'><strong>Omine</strong></span> <span class='ocrx_word' id='word_1_90' title='bbox 513 2413 643 2476; x_wconf 83' lang='lat' dir='ltr'><strong>territioo</strong></span> <span class='ocrx_word' id='word_1_91' title='bbox 665 2413 765 2476; x_wconf 86' lang='lat' dir='ltr'><strong>domni</strong></span> <span class='ocrx_word' id='word_1_92' title='bbox 786 2413 928 2493; x_wconf 80' lang='lat' dir='ltr'><strong>pepulere</strong></span> <span class='ocrx_word' id='word_1_93' title='bbox 950 2412 1051 2485; x_wconf 79' lang='lat' dir='ltr'><strong>tutori,</strong></span> 
     </span>
    </p>

    <p class='ocr_par' dir='ltr' id='par_1_11' title="bbox 382 2494 1495 2604">
     <span class='ocr_line' id='line_1_18' title="bbox 382 2494 1495 2604; baseline -0.001 -20"><span class='ocrx_word' id='word_1_94' title='bbox 382 2523 529 2586; x_wconf 77' lang='lat' dir='ltr'><strong>fluorum</strong></span> <span class='ocrx_word' id='word_1_95' title='bbox 551 2531 676 2604; x_wconf 80' lang='lat' dir='ltr'><strong>ponunt.</strong></span> <span class='ocrx_word' id='word_1_96' title='bbox 721 2522 812 2585; x_wconf 83' lang='lat' dir='ltr'><strong>Lotoe</strong></span> <span class='ocrx_word' id='word_1_97' title='bbox 834 2522 913 2592; x_wconf 84' lang='lat' dir='ltr'><strong>aiae,</strong></span> <span class='ocrx_word' id='word_1_98' title='bbox 936 2521 1072 2603; x_wconf 88' lang='lat' dir='ltr'><strong>ooiiaque</strong></span> <span class='ocrx_word' id='word_1_99' title='bbox 1094 2531 1125 2584; x_wconf 91' lang='lat' dir='ltr'><strong>et</strong></span> <span class='ocrx_word' id='word_1_100' title='bbox 1145 2539 1198 2584; x_wconf 83' lang='lat' dir='ltr'><strong>oro</strong></span> <span class='ocrx_word' id='word_1_101' title='bbox 1491 2494 1495 2567; x_wconf 64' lang='lat' dir='ltr'>f</span> 
     </span>
    </p>

    <p class='ocr_par' dir='ltr' id='par_1_12' title="bbox 382 2631 1201 2713">
     <span class='ocr_line' id='line_1_19' title="bbox 382 2631 1201 2713; baseline 0.001 -19"><span class='ocrx_word' id='word_1_102' title='bbox 382 2633 530 2706; x_wconf 84' lang='lat' dir='ltr'><strong>Humano,</strong></span> <span class='ocrx_word' id='word_1_103' title='bbox 553 2642 642 2713; x_wconf 81' lang='lat' dir='ltr'><strong>etque</strong></span> <span class='ocrx_word' id='word_1_104' title='bbox 663 2633 757 2713; x_wconf 87' lang='lat' dir='ltr'><strong>pedes</strong></span> <span class='ocrx_word' id='word_1_105' title='bbox 780 2631 862 2704; x_wconf 87' lang='lat' dir='ltr'><strong>unci,</strong></span> <span class='ocrx_word' id='word_1_106' title='bbox 885 2631 1081 2712; x_wconf 86' lang='lat' dir='ltr'><strong>plumosoqoe</strong></span> <span class='ocrx_word' id='word_1_107' title='bbox 1103 2633 1201 2712; x_wconf 76' lang='lat' dir='ltr'><strong>magni</strong></span> 
     </span>
    </p>

    <p class='ocr_par' dir='ltr' id='par_1_13' title="bbox 381 2740 1122 2814">
     <span class='ocr_line' id='line_1_20' title="bbox 381 2740 1122 2814; baseline 0.004 -13"><span class='ocrx_word' id='word_1_108' title='bbox 381 2741 499 2804; x_wconf 84' lang='lat' dir='ltr'><strong>Ventris</strong></span> <span class='ocrx_word' id='word_1_109' title='bbox 521 2751 585 2805; x_wconf 90' lang='lat' dir='ltr'><strong>erat</strong></span> <span class='ocrx_word' id='word_1_110' title='bbox 606 2740 718 2814; x_wconf 83' lang='lat' dir='ltr'><strong>moles,</strong></span> <span class='ocrx_word' id='word_1_111' title='bbox 742 2741 935 2804; x_wconf 82' lang='lat' dir='ltr'><strong>abnormihus</strong></span> <span class='ocrx_word' id='word_1_112' title='bbox 956 2742 1122 2804; x_wconf 78' lang='lat' dir='ltr'><strong>insidentes</strong></span> 
     </span>
    </p>

    <p class='ocr_par' dir='ltr' id='par_1_14' title="bbox 334 2806 1494 3045">
     <span class='ocr_line' id='line_1_21' title="bbox 382 2806 1494 2975; baseline 0.002 -63"><span class='ocrx_word' id='word_1_113' title='bbox 382 2849 495 2913; x_wconf 81' lang='lat' dir='ltr'><strong>Plautio</strong></span> <span class='ocrx_word' id='word_1_114' title='bbox 517 2850 589 2912; x_wconf 89' lang='lat' dir='ltr'><strong>dont</strong></span> <span class='ocrx_word' id='word_1_115' title='bbox 604 2861 738 2931; x_wconf 83' lang='lat' dir='ltr'><strong>questus.</strong></span> <span class='ocrx_word' id='word_1_116' title='bbox 782 2851 858 2914; x_wconf 77' lang='lat' dir='ltr'><strong>&#39;dum</strong></span> <span class='ocrx_word' id='word_1_117' title='bbox 880 2852 987 2913; x_wconf 89' lang='lat' dir='ltr'><strong>dootor</strong></span> <span class='ocrx_word' id='word_1_118' title='bbox 1008 2852 1076 2916; x_wconf 84' lang='lat' dir='ltr'><strong>tolio</strong></span> <span class='ocrx_word' id='word_1_119' title='bbox 1099 2852 1210 2914; x_wconf 83' lang='lat' dir='ltr'><strong>iuodit:</strong></span> <span class='ocrx_word' id='word_1_120' title='bbox 1491 2806 1494 2975; x_wconf 68' lang='lat'>‹</span> 
     </span>
     <span class='ocr_line' id='line_1_22' title="bbox 334 2959 1493 3045; baseline 0.003 -24"><span class='ocrx_word' id='word_1_121' title='bbox 334 2969 365 3022; x_wconf 77' lang='lat'><strong>15</strong></span> <span class='ocrx_word' id='word_1_122' title='bbox 381 2959 525 3022; x_wconf 85' lang='lat' dir='ltr'><strong>interiora</strong></span> <span class='ocrx_word' id='word_1_123' title='bbox 548 2959 721 3041; x_wconf 84' lang='lat' dir='ltr'><strong>priusquam</strong></span> <span class='ocrx_word' id='word_1_124' title='bbox 744 2967 775 3024; x_wconf 90' lang='lat' dir='ltr'><strong>tu</strong></span> <span class='ocrx_word' id='word_1_125' title='bbox 798 2961 962 3041; x_wconf 79' lang='lat' dir='ltr'><strong>penetralia</strong></span> <span class='ocrx_word' id='word_1_126' title='bbox 984 2960 1076 3024; x_wconf 83' lang='lat' dir='ltr'><strong>silvae</strong></span> <span class='ocrx_word' id='word_1_127' title='bbox 1491 3006 1493 3045; x_wconf 49' lang='grc' dir='ltr'><strong>ἱ</strong></span> 
     </span>
    </p>

    <p class='ocr_par' dir='ltr' id='par_1_15' title="bbox 382 3070 1493 3144">
     <span class='ocr_line' id='line_1_23' title="bbox 382 3070 1493 3144; baseline 0.001 -10"><span class='ocrx_word' id='word_1_128' title='bbox 382 3070 472 3134; x_wconf 83' lang='lat' dir='ltr'><strong>letius</strong></span> <span class='ocrx_word' id='word_1_129' title='bbox 494 3071 618 3144; x_wconf 83' lang='lat' dir='ltr'><strong>subeas,</strong></span> <span class='ocrx_word' id='word_1_130' title='bbox 640 3079 671 3134; x_wconf 92' lang='lat' dir='ltr'><strong>te</strong></span> <span class='ocrx_word' id='word_1_131' title='bbox 692 3071 849 3134; x_wconf 83' lang='lat' dir='ltr'><strong>devenisse</strong></span> <span class='ocrx_word' id='word_1_132' title='bbox 870 3071 1033 3134; x_wconf 85' lang='lat' dir='ltr'><strong>seeundum</strong></span> <span class='ocrx_word' id='word_1_133' title='bbox 1490 3074 1493 3135; x_wconf 83' lang='lat' dir='ltr'><strong>i</strong></span> 
     </span>
    </p>

    <p class='ocr_par' dir='ltr' id='par_1_16' title="bbox 382 3181 1494 3309">
     <span class='ocr_line' id='line_1_24' title="bbox 382 3181 1494 3309; baseline 0.001 -65"><span class='ocrx_word' id='word_1_134' title='bbox 382 3181 514 3255; x_wconf 82' lang='lat' dir='ltr'><strong>Circum,</strong></span> <span class='ocrx_word' id='word_1_135' title='bbox 538 3190 762 3262; x_wconf 78' lang='lat' dir='ltr'><strong>erratorumque</strong></span> <span class='ocrx_word' id='word_1_136' title='bbox 785 3181 875 3244; x_wconf 88' lang='lat' dir='ltr'><strong>istirio</strong></span> <span class='ocrx_word' id='word_1_137' title='bbox 892 3182 955 3261; x_wconf 85' lang='lat' dir='ltr'><strong>jam</strong></span> <span class='ocrx_word' id='word_1_138' title='bbox 977 3181 1070 3255; x_wconf 83' lang='lat' dir='ltr'><strong>seito,</strong></span> <span class='ocrx_word' id='word_1_139' title='bbox 1092 3182 1264 3246; x_wconf 87' lang='lat' dir='ltr'><strong>tremendae</strong></span> <span class='ocrx_word' id='word_1_140' title='bbox 1490 3222 1494 3309; x_wconf 31' lang='grc' dir='ltr'><em>ὓ</em></span> 
     </span>
    </p>

    <p class='ocr_par' dir='ltr' id='par_1_17' title="bbox 380 3289 1110 3354">
     <span class='ocr_line' id='line_1_25' title="bbox 380 3289 1110 3354; baseline -0.003 0"><span class='ocrx_word' id='word_1_141' title='bbox 380 3290 424 3354; x_wconf 81' lang='lat' dir='ltr'><strong>Ad</strong></span> <span class='ocrx_word' id='word_1_142' title='bbox 447 3289 582 3352; x_wconf 83' lang='lat' dir='ltr'><strong>cumulos</strong></span> <span class='ocrx_word' id='word_1_143' title='bbox 605 3292 701 3354; x_wconf 86' lang='lat' dir='ltr'><strong>donee</strong></span> <span class='ocrx_word' id='word_1_144' title='bbox 724 3292 767 3354; x_wconf 85' lang='lat' dir='ltr'><strong>rio</strong></span> <span class='ocrx_word' id='word_1_145' title='bbox 791 3303 821 3354; x_wconf 90' lang='lat' dir='ltr'><strong>te</strong></span> <span class='ocrx_word' id='word_1_146' title='bbox 842 3290 971 3354; x_wconf 84' lang='lat' dir='ltr'><strong>deducat</strong></span> <span class='ocrx_word' id='word_1_147' title='bbox 992 3311 1110 3354; x_wconf 79' lang='lat' dir='ltr'><strong>arenae.</strong></span> 
     </span>
    </p>

    <p class='ocr_par' dir='ltr' id='par_1_18' title="bbox 330 3340 1494 3923">
     <span class='ocr_line' id='line_1_26' title="bbox 380 3340 1494 3507; baseline 0.003 -45"><span class='ocrx_word' id='word_1_148' title='bbox 380 3401 542 3480; x_wconf 77' lang='lat' dir='ltr'><strong>Propterea</strong></span> <span class='ocrx_word' id='word_1_149' title='bbox 565 3400 699 3481; x_wconf 82' lang='lat' dir='ltr'><strong>inoperta</strong></span> <span class='ocrx_word' id='word_1_150' title='bbox 721 3403 857 3482; x_wconf 77' lang='lat' dir='ltr'><strong>ponitus3</strong></span> <span class='ocrx_word' id='word_1_151' title='bbox 881 3419 1008 3482; x_wconf 87' lang='lat' dir='ltr'><strong>nomque</strong></span> <span class='ocrx_word' id='word_1_152' title='bbox 1029 3403 1095 3482; x_wconf 82' lang='lat' dir='ltr'><strong>ipse</strong></span> <span class='ocrx_word' id='word_1_153' title='bbox 1117 3401 1233 3464; x_wconf 83' lang='lat' dir='ltr'><strong>videbis</strong></span> <span class='ocrx_word' id='word_1_154' title='bbox 1490 3340 1494 3507; x_wconf 47' lang='grc' dir='ltr'><strong><em>ἒ</em></strong></span> 
     </span>
     <span class='ocr_line' id='line_1_27' title="bbox 330 3509 1493 3592; baseline 0.004 -21"><span class='ocrx_word' id='word_1_155' title='bbox 330 3519 363 3571; x_wconf 76' lang='lat' dir='ltr'><strong>tu</strong></span> <span class='ocrx_word' id='word_1_156' title='bbox 379 3509 434 3572; x_wconf 86' lang='lat' dir='ltr'><strong>ilis</strong></span> <span class='ocrx_word' id='word_1_157' title='bbox 456 3511 569 3572; x_wconf 79' lang='lat' dir='ltr'><strong>faetore</strong></span> <span class='ocrx_word' id='word_1_158' title='bbox 591 3510 694 3582; x_wconf 82' lang='lat' dir='ltr'><strong>tidem,</strong></span> <span class='ocrx_word' id='word_1_159' title='bbox 719 3529 796 3592; x_wconf 88' lang='lat' dir='ltr'><strong>qnae</strong></span> <span class='ocrx_word' id='word_1_160' title='bbox 818 3529 884 3574; x_wconf 84' lang='lat' dir='ltr'><strong>sum</strong></span> <span class='ocrx_word' id='word_1_161' title='bbox 907 3529 1044 3574; x_wconf 81' lang='lat' dir='ltr'><strong>sermone</strong></span> <span class='ocrx_word' id='word_1_162' title='bbox 1066 3511 1193 3576; x_wconf 83' lang='lat' dir='ltr'><strong>loeutus.</strong></span> <span class='ocrx_word' id='word_1_163' title='bbox 1490 3522 1493 3539; x_wconf 92' lang='lat'>&#39;</span> 
     </span>
     <span class='ocr_line' id='line_1_28' title="bbox 421 3562 1493 3703; baseline 0.001 -19"><span class='ocrx_word' id='word_1_164' title='bbox 421 3619 558 3700; x_wconf 85' lang='lat' dir='ltr'><strong>Undique</strong></span> <span class='ocrx_word' id='word_1_165' title='bbox 578 3620 713 3700; x_wconf 80' lang='lat' dir='ltr'><strong>ploratus</strong></span> <span class='ocrx_word' id='word_1_166' title='bbox 735 3620 904 3695; x_wconf 82' lang='lat' dir='ltr'><strong>veniebant,</strong></span> <span class='ocrx_word' id='word_1_167' title='bbox 927 3622 1060 3703; x_wconf 80' lang='lat' dir='ltr'><strong>undique</strong></span> <span class='ocrx_word' id='word_1_168' title='bbox 1082 3624 1178 3697; x_wconf 84' lang='lat' dir='ltr'><strong>datus,</strong></span> <span class='ocrx_word' id='word_1_169' title='bbox 1490 3562 1493 3651; x_wconf 40' lang='lat' dir='ltr'><strong>i</strong></span> 
     </span>
     <span class='ocr_line' id='line_1_29' title="bbox 379 3729 1345 3812; baseline 0.005 -21"><span class='ocrx_word' id='word_1_170' title='bbox 379 3729 441 3792; x_wconf 88' lang='lat' dir='ltr'><strong>Neo</strong></span> <span class='ocrx_word' id='word_1_171' title='bbox 462 3729 536 3792; x_wconf 84' lang='lat' dir='ltr'><strong>mihi</strong></span> <span class='ocrx_word' id='word_1_172' title='bbox 558 3747 681 3792; x_wconf 85' lang='lat' dir='ltr'><strong>eernere</strong></span> <span class='ocrx_word' id='word_1_173' title='bbox 703 3739 769 3792; x_wconf 85' lang='lat' dir='ltr'><strong>erat</strong></span> <span class='ocrx_word' id='word_1_174' title='bbox 790 3747 969 3812; x_wconf 72' lang='lat' dir='ltr'><strong>qumquam</strong></span> <span class='ocrx_word' id='word_1_175' title='bbox 990 3741 1049 3795; x_wconf 85' lang='lat' dir='ltr'><strong>tom</strong></span> <span class='ocrx_word' id='word_1_176' title='bbox 1072 3731 1158 3794; x_wconf 88' lang='lat' dir='ltr'><strong>triste</strong></span> <span class='ocrx_word' id='word_1_177' title='bbox 1179 3733 1345 3796; x_wconf 70' lang='lat' dir='ltr'><strong>dolentem:</strong></span> 
     </span>
     <span class='ocr_line' id='line_1_30' title="bbox 379 3839 1133 3923; baseline 0.003 -21"><span class='ocrx_word' id='word_1_178' title='bbox 379 3840 479 3913; x_wconf 82' lang='lat' dir='ltr'><strong>Quare</strong></span> <span class='ocrx_word' id='word_1_179' title='bbox 502 3839 694 3902; x_wconf 80' lang='lat' dir='ltr'><strong>constiteram</strong></span> <span class='ocrx_word' id='word_1_180' title='bbox 716 3849 796 3903; x_wconf 90' lang='lat' dir='ltr'><strong>totus</strong></span> <span class='ocrx_word' id='word_1_181' title='bbox 818 3841 978 3906; x_wconf 78' lang='lat' dir='ltr'><strong>formidine</strong></span> <span class='ocrx_word' id='word_1_182' title='bbox 999 3852 1133 3923; x_wconf 85' lang='lat' dir='ltr'><strong>torpens.</strong></span> 
     </span>
    </p>

    <p class='ocr_par' dir='ltr' id='par_1_19' title="bbox 379 3949 1199 4032">
     <span class='ocr_line' id='line_1_31' title="bbox 379 3949 1199 4032; baseline 0.002 -20"><span class='ocrx_word' id='word_1_183' title='bbox 379 3949 475 4012; x_wconf 83' lang='lat' dir='ltr'><strong>Credo</strong></span> <span class='ocrx_word' id='word_1_184' title='bbox 498 3967 568 4028; x_wconf 79' lang='lat' dir='ltr'><strong>ego,</strong></span> <span class='ocrx_word' id='word_1_185' title='bbox 592 3949 760 4014; x_wconf 77' lang='lat' dir='ltr'><strong>diruerentur</strong></span> <span class='ocrx_word' id='word_1_186' title='bbox 783 3959 844 4014; x_wconf 89' lang='lat' dir='ltr'><strong>turn</strong></span> <span class='ocrx_word' id='word_1_187' title='bbox 865 3971 914 4014; x_wconf 90' lang='lat' dir='ltr'><strong>me</strong></span> <span class='ocrx_word' id='word_1_188' title='bbox 936 3952 1054 4016; x_wconf 85' lang='lat' dir='ltr'><strong>venisse</strong></span> <span class='ocrx_word' id='word_1_189' title='bbox 1076 3961 1199 4032; x_wconf 82' lang='lat' dir='ltr'><strong>putasae</strong></span> 
     </span>
    </p>

    <p class='ocr_par' dir='ltr' id='par_1_20' title="bbox 328 4058 1283 4134">
     <span class='ocr_line' id='line_1_32' title="bbox 328 4058 1283 4134; baseline 0.002 -10"><span class='ocrx_word' id='word_1_190' title='bbox 328 4069 361 4124; x_wconf 75' lang='lat' dir='ltr'><strong>tt</strong></span> <span class='ocrx_word' id='word_1_191' title='bbox 379 4059 487 4122; x_wconf 81' lang='lat' dir='ltr'><strong>Mentis</strong></span> <span class='ocrx_word' id='word_1_192' title='bbox 509 4058 541 4120; x_wconf 92' lang='lat' dir='ltr'><strong>in</strong></span> <span class='ocrx_word' id='word_1_193' title='bbox 563 4059 643 4121; x_wconf 90' lang='lat' dir='ltr'><strong>huno</strong></span> <span class='ocrx_word' id='word_1_194' title='bbox 664 4077 801 4134; x_wconf 84' lang='lat' dir='ltr'><strong>sensum,</strong></span> <span class='ocrx_word' id='word_1_195' title='bbox 822 4071 857 4124; x_wconf 91' lang='lat' dir='ltr'><strong>ut</strong></span> <span class='ocrx_word' id='word_1_196' title='bbox 878 4071 923 4125; x_wconf 89' lang='lat' dir='ltr'><strong>tot</strong></span> <span class='ocrx_word' id='word_1_197' title='bbox 942 4081 1026 4126; x_wconf 86' lang='lat' dir='ltr'><strong>rerer</strong></span> <span class='ocrx_word' id='word_1_198' title='bbox 1047 4062 1172 4126; x_wconf 77' lang='lat' dir='ltr'><strong>tundere</strong></span> <span class='ocrx_word' id='word_1_199' title='bbox 1193 4079 1283 4126; x_wconf 84' lang='lat' dir='ltr'><strong>votes</strong></span> 
     </span>
    </p>

    <p class='ocr_par' dir='ltr' id='par_1_21' title="bbox 379 4167 1186 4248">
     <span class='ocr_line' id='line_1_33' title="bbox 379 4167 1186 4248; baseline 0.002 -16"><span class='ocrx_word' id='word_1_200' title='bbox 379 4169 519 4243; x_wconf 83' lang='lat' dir='ltr'><strong>Gentem,</strong></span> <span class='ocrx_word' id='word_1_201' title='bbox 542 4187 618 4248; x_wconf 85' lang='lat' dir='ltr'><strong>quoe</strong></span> <span class='ocrx_word' id='word_1_202' title='bbox 639 4167 696 4230; x_wconf 81' lang='lat' dir='ltr'><strong>iios</strong></span> <span class='ocrx_word' id='word_1_203' title='bbox 718 4169 797 4232; x_wconf 92' lang='lat' dir='ltr'><strong>inter</strong></span> <span class='ocrx_word' id='word_1_204' title='bbox 818 4191 917 4236; x_wconf 78' lang='lat' dir='ltr'><strong>mmor</strong></span> <span class='ocrx_word' id='word_1_205' title='bbox 940 4173 1058 4236; x_wconf 84' lang='lat' dir='ltr'><strong>obieeta</strong></span> <span class='ocrx_word' id='word_1_206' title='bbox 1080 4174 1186 4236; x_wconf 78' lang='lat' dir='ltr'><strong>lateret</strong></span> 
     </span>
    </p>

    <p class='ocr_par' dir='ltr' id='par_1_22' title="bbox 378 4279 1493 4473">
     <span class='ocr_line' id='line_1_34' title="bbox 378 4279 1493 4360; baseline 0.006 -19"><span class='ocrx_word' id='word_1_207' title='bbox 378 4280 440 4342; x_wconf 83' lang='lat' dir='ltr'><strong>Nos</strong></span> <span class='ocrx_word' id='word_1_208' title='bbox 461 4286 594 4360; x_wconf 80' lang='lat' dir='ltr'><strong>propter.</strong></span> <span class='ocrx_word' id='word_1_209' title='bbox 638 4279 738 4352; x_wconf 83' lang='lat' dir='ltr'><strong>Quare</strong></span> <span class='ocrx_word' id='word_1_210' title='bbox 758 4281 857 4344; x_wconf 79' lang='lat' dir='ltr'><strong>remis</strong></span> <span class='ocrx_word' id='word_1_211' title='bbox 878 4294 926 4345; x_wconf 88' lang='lat' dir='ltr'><strong>est</strong></span> <span class='ocrx_word' id='word_1_212' title='bbox 945 4283 1056 4348; x_wconf 85' lang='lat' dir='ltr'><strong>talibus</strong></span> <span class='ocrx_word' id='word_1_213' title='bbox 1077 4303 1164 4346; x_wconf 81' lang='lat' dir='ltr'><strong>usus:</strong></span> <span class='ocrx_word' id='word_1_214' title='bbox 1489 4326 1493 4357; x_wconf 83' lang='lat'><em>.</em></span> 
     </span>
     <span class='ocr_line' id='line_1_35' title="bbox 378 4388 1160 4473; baseline 0.005 -20"><span class='ocrx_word' id='word_1_215' title='bbox 378 4389 473 4454; x_wconf 90' lang='lat' dir='ltr'><strong>Unam</strong></span> <span class='ocrx_word' id='word_1_216' title='bbox 494 4388 521 4452; x_wconf 90' lang='lat' dir='ltr'><strong>si</strong></span> <span class='ocrx_word' id='word_1_217' title='bbox 543 4389 704 4452; x_wconf 82' lang='lat' dir='ltr'><strong>obtronoes</strong></span> <span class='ocrx_word' id='word_1_218' title='bbox 726 4391 830 4472; x_wconf 78' lang='lat' dir='ltr'><strong>quasis</strong></span> <span class='ocrx_word' id='word_1_219' title='bbox 852 4411 888 4455; x_wconf 84' lang='lat' dir='ltr'><strong>ex</strong></span> <span class='ocrx_word' id='word_1_220' title='bbox 909 4391 1017 4456; x_wconf 85' lang='lat' dir='ltr'><strong>arbore</strong></span> <span class='ocrx_word' id='word_1_221' title='bbox 1037 4393 1160 4473; x_wconf 75' lang='lat' dir='ltr'><strong>virgam,</strong></span> 
     </span>
    </p>
   </div>
   <div class='ocr_carea' id='block_1_6' title="bbox 285 4562 1492 4605">
    <p class='ocr_par' dir='ltr' id='par_1_23' title="bbox 285 4562 1492 4605">
     <span class='ocr_line' id='line_1_36' title="bbox 285 4562 1492 4605; baseline 0 -7"><span class='ocrx_word' id='word_1_222' title='bbox 285 4562 1492 4605; x_wconf 55' lang='lat' dir='ltr'>-—-—------.-........-..—-..—....--—.-J</span> 
     </span>
    </p>
   </div>
   <div class='ocr_carea' id='block_1_7' title="bbox 0 0 1566 5170">
    <p class='ocr_par' dir='ltr' id='par_1_24' title="bbox 0 0 1566 5170">
     <span class='ocr_line' id='line_1_37' title="bbox 0 0 1566 5170; baseline 0 1"><span class='ocrx_word' id='word_1_223' title='bbox 0 0 1566 5170; x_wconf 95' lang='lat' dir='ltr'><strong> </strong></span> 
     </span>
    </p>
   </div>
  </div>
 </body>
</html>
