3136 5164
312 399 376 464 234
741 400 922 452 ruecsroeu
939 402 1002 453 xxv.

378 619 487 695 Virtus,
511 619 607 700 qualis
626 619 707 682 ineat
725 619 852 700 plautae,
874 620 934 682 uisi
956 620 1055 701 planta
1078 630 1193 684 teneret

329 743 363 798 ao
378 730 444 793 Jam
464 730 569 810 ripam,
593 727 643 790 ille
663 747 758 791 novos
779 739 956 810 properaret
975 741 1096 810 tangere
1118 741 1232 812 portus.

378 839 454 902 Dein
476 839 521 901 sic
543 839 621 901 intua
644 837 713 916 agit,
736 847 836 902 motus
858 850 890 902 ut
907 839 969 920 jam
991 840 1128 920 explicet,
1147 848 1175 902 et
1193 842 1256 924 jam

378 948 524 1030 Expediet
544 967 675 1021 sensum,
698 965 752 1010 ceu
774 948 900 1028 spongia
921 949 952 1011 iu
974 967 1106 1032 aequore
1125 950 1219 1017 vivax.

378 1058 475 1139 Atque
496 1059 547 1120 hic
567 1058 738 1137 aggreditur
757 1077 939 1138 componere
961 1060 1168 1141 disposituras,

380 1167 461 1242 Quas
482 1177 612 1247 poscunt
632 1166 684 1229 tali
704 1175 868 1248 prognatae
883 1169 1005 1232 *semiue
1026 1169 1115 1232 vires.

328 1289 361 1344 55
421 1279 461 1340 Se
482 1277 573 1340 modo
595 1275 704 1350 dilatat,
727 1278 816 1339 modo
839 1277 931 1339 llectit
950 1278 1047 1340 vivida
1068 1279 1170 1351 metue,

379 1387 479 1461 Olili,
502 1387 597 1466 ipsius
618 1404 741 1448 manans
763 1406 797 1448 ex
820 1387 911 1449 corde
934 1389 1079 1466 generatis,

378 1497 435 1559 Ars
455 1496 507 1560 uhi
528 1505 652 1558 naturae
673 1504 797 1558 cunctos
818 1515 853 1558 se
874 1496 1002 1558 intendit
1021 1497 1052 1558 in
1075 1506 1167 1560 artus.

377 1608 416 1669 At
437 1626 494 1687 qua
517 1605 567 1686 qui
589 1611 636 1667 est
656 1605 800 1679 animans,
824 1623 892 1668 mox
912 1607 965 1668 liat
984 1607 1076 1669 farier
1096 1617 1193 1687 aptus,
1239 1627 1248 1644 ·

377 1716 517 1778 Nondum
539 1715 707 1792 cognoscis.
751 1715 854 1778 Tantis
876 1722 923 1776 est
942 1723 1026 1796 septa
1048 1716 1181 1778 tenebris

328 1840 362 1892 tto
377 1827 461 1888 ilaec
479 1825 535 1900 via,
556 1831 591 1886 ut
611 1843 628 1886 a
650 1842 721 1887 vero
741 1823 802 1906 jam
823 1823 913 1903 longe
934 1823 1089 1887 abduxerit
1108 1825 1200 1898 illum,

379 1937 438 2010 Qui
459 1935 514 1998 tihi
535 1933 671 1997 doctriua
691 1943 792 1995 mente
814 1943 844 1996 et
863 1933 1033 2013 praestabat
1054 1943 1157 2010 acuta3

377 2045 511 2125 Namque
532 2044 629 2107 anima
652 2043 755 2105 docuit
776 2043 943 2125 sejunctam
964 2043 1110 2106 adsistere
1131 2053 1272 2117 mentem,

378 2155 412 2218 lu
434 2173 492 2235 qua
514 2152 672 2216 consilium
695 2161 749 2226 est,
772 2153 842 2233 quia
863 2152 974 2216 nullam
995 2153 1027 2216 ia
1050 2171 1176 2234 corpore
1199 2154 1303 2216 sedem

377 2266 455 2328 Huic
475 2264 527 2326 uni
548 2263 701 2344 propriam
722 2262 804 2324 vidit
848 2261 934 2325 Nunc
954 2271 1077 2342 pectore
1098 2271 1201 2342 aperto

326 2383 361 2438 td
377 2375 438 2437 Fac
458 2392 560 2436 rerum
581 2373 719 2453 accipias,
743 2371 822 2452 quod
843 2372 941 2452 prodo
963 2371 994 2434 in
1015 2371 1136 2435 luminis
1161 2391 1242 2435 oras.

419 2483 494 2546 Nam
516 2481 641 2545 simtdac
662 2483 761 2544 loetus
783 2483 883 2562 coepit
902 2480 1033 2561 gaudere
1055 2482 1179 2544 cerebro

375 2593 524 2666 Perfecto,
546 2592 627 2654 hauc
647 2592 762 2672 primus
783 2591 904 2654 laetanti
928 2591 1054 2672 suspicit
1079 2611 1141 2666 ore,

376 2703 456 2765 Artis
478 2720 555 2782 opus
576 2709 676 2764 tantm
697 2709 796 2764 motor
816 2701 950 2776 miratus,
973 2709 1004 2764 et
1024 2719 1114 2765 amaa

376 2812 444 2892 lpse
466 2829 576 2874 novum
596 2811 704 2874 llameu
733 2809 829 2891 spirat
847 2809 955 2873 virtute
977 2811 1132 2892 repletum,

326 2930 361 2983 70
377 2921 474 2996 Quod,
497 2918 642 3000 quidquid
662 2919 741 2980 vires
761 2919 839 2982 valet
860 2939 999 2984 exercerc
1020 2939 1075 3003 per
1095 2929 1189 2992 artus,

375 3031 505 3094 Attrahit
525 3031 555 3092 iu
578 3049 656 3104 sesa,
679 3035 831 3091 actutum
853 3030 911 3092 sibi
930 3031 1028 3112 jungit
1048 3032 1079 3094 in
1101 3049 1202 3092 unum.

417 3141 496 3202 Hinc
516 3139 644 3222 simplex
665 3138 763 3202 anima
785 3140 924 3220 exsurgit,
948 3159 1024 3220 quae
1046 3141 1180 3222 praedita
1202 3139 1271 3214 rite,

375 3251 414 3314 Et
435 3269 526 3313 seusu
547 3249 675 3332 pollens,
698 3250 729 3312 in
751 3267 785 3312 se
807 3267 876 3312 sese
897 3250 963 3330 ipsa
986 3249 1123 3314 reflectit.

376 3359 504 3440 Quoque
525 3360 624 3422 minus
646 3369 745 3421 tecum
765 3378 814 3422 me
836 3360 881 3421 sic
902 3361 1011 3423 mirere
1030 3361 1170 3430 locutum,

324 3477 358 3530 75
375 3468 514 3550 Adspice,
536 3478 570 3531 ut
589 3470 621 3531 in
642 3469 743 3531 riuum
765 3477 902 3544 mummr,
925 3469 990 3532 sole
1013 3471 1144 3532 colorem

374 3579 553 3654 Prandente,
575 3579 647 3641 huic
663 3579 797 3660 junctus,
822 3580 872 3659 qui
893 3589 994 3642 manat
1014 3579 1132 3654 ridhus,
1154 3579 1272 3646 humor.

374 3689 413 3750 Et
434 3688 558 3750 simulac
579 3689 722 3751 Lachesis
744 3688 871 3751 devolvit
891 3688 999 3752 vellera
1021 3690 1098 3762 luso,

375 3797 536 3862 Caruisse
558 3797 646 3861 solvit
666 3797 781 3872 vinclis,
804 3807 834 3861 et
856 3799 1000 3880 quidquid
1022 3798 1150 3862 habebat

374 3907 554 3970 Immortalis
576 3915 606 3969 et
626 3908 757 3982 humani,
779 3909 887 3972 virtute
909 3927 963 3972 sue
986 3919 1069 3972 stane

324 4032 358 4088 so
375 4017 444 4079 Fert
466 4035 585 4080 secum:
608 4037 644 4081 ex
666 4018 790 4098 reliquis
813 4037 1017 4100 quaecumque
1039 4027 1085 4082 cst
1105 4027 1186 4082 muta
1207 4017 1334 4082 lacultaa

375 4127 481 4201 lusita,
506 4145 563 4206 qua
585 4127 759 4191 meminisse
780 4127 866 4204 valet,
889 4147 947 4210 qua
964 4129 1080 4211 judicat
1102 4137 1131 4191 et
1152 4127 1221 4202 vult,

373 4236 479 4299 Acrior
500 4236 604 4312 eradit,
627 4255 715 4318 quem
738 4238 764 4300 si
786 4246 868 4301 esset
888 4257 1018 4321 corporo
1037 4239 1144 4301 vincta.

372 4347 435 4412 Nec
455 4365 555 4424 mora;
575 4347 784 4429 praecipitans,
807 4349 928 4412 mirum
950 4369 1007 4433 per
1027 4367 1061 4412 sa
1081 4347 1187 4412 incidit
1207 4367 1279 4412 orae
