3116 5162
207 1748 347 1904 Quoad
372 1815 566 1912 longissime
593 1841 729 1914 possum
755 1827 866 1890 mente
893 1820 1061 1916 respicere
1086 1820 1228 1915 spatium
1251 1843 1345 1916 prae·

92 1933 186 2006 teriti
233 1935 393 2032 temporis
435 1945 469 2008 et
511 1960 624 2010 rerum
665 1937 904 2010 saxonicarum
945 1938 1139 2012 memoriam
1176 1938 1345 2012 recordari

93 2052 267 2146 ultimam,
296 2055 373 2128 inde
401 2078 506 2152 usque
533 2065 688 2150 repetens
716 2054 988 2150 gloriosissimos,
1015 2056 1154 2154 quibus,
1182 2055 1345 2128 Paracars

94 2171 334 2264 Ssnsurssrna,
357 2171 434 2267 jure
456 2171 527 2244 l'uo
555 2173 692 2268 gaudes,
719 2172 863 2268 majores
884 2172 980 2246 video
1004 2185 1038 2246 et
1060 2177 1150 2270 ipsos
1174 2174 1208 2246 in
1225 2174 1347 2248 studiis

94 2288 315 2363 humanitatis
341 2315 380 2362 ac
405 2291 577 2364 literarum
612 2291 788 2387 praecipue
821 2301 969 2364 versatos
1006 2291 1110 2364 luisse
1145 2302 1179 2364 et
1203 2291 1276 2365 aliis
1304 2292 1344 2366 ad

99 2417 186 2478 artes
213 2408 376 2503 ingenuas
404 2409 467 2480 rite
495 2409 650 2482 colendas
678 2405 830 2482 auctores
857 2419 891 2481 et
916 2409 1018 2482 duces
1045 2408 1222 2482 exstitisse.
1275 2409 1347 2494 Qua

98 2525 142 2596 de
167 2549 285 2599 caussa
312 2525 344 2598 id
372 2526 494 2600 iecisse
520 2528 658 2623 putandi
686 2528 771 2620 sint,
806 2527 902 2602 lacile
934 2527 1083 2624 prolecto
1111 2539 1163 2600 est
1182 2527 1347 2623 judicare,

95 2643 125 2716 si
141 2645 231 2741 quis,
258 2646 315 2742 qui
341 2644 470 2718 fructus
497 2645 628 2719 exiliis
656 2645 775 2719 studiis
802 2656 967 2742 petantur,
996 2647 1143 2720 animum
1168 2646 1346 2720 induxerit

95 2761 161 2834 Per
194 2773 284 2836 artes
314 2763 472 2836 nimirum
499 2787 602 2858 regna
636 2764 850 2862 civitatesque
885 2763 971 2856 otio,
1008 2764 1126 2861 opibus
1160 2774 1194 2838 ct
1226 2766 1347 2840 virtute

96 2881 239 2970 doreut;
266 2905 326 2977 per
352 2891 441 2954 artes
467 2905 570 2978 prope
597 2906 724 2976 omnes,
752 2883 872 2980 quihus
896 2883 1175 2956 administrandae
1190 2883 1347 2980 reipubli-

95 3023 156 3072 cae
183 3023 307 3072 munus
334 2999 465 3095 obtigit,
492 3000 593 3072 rectis
619 3001 717 3073 lineis
743 3001 785 3072 ad
800 3000 1008 3096 sapientiam,
1031 3001 1206 3097 justitiam,
1234 2981 1346 3076 curalo

95 3118 216 3193 salutis
256 3117 409 3214 publicae
443 3130 477 3190 ct
515 3118 555 3192 ad
591 3142 689 3192 omne
734 3143 840 3214 genus
880 3119 1017 3194 laudum
1059 3119 1252 3194 eximiarum
1287 3121 1347 3194 du·

95 3249 223 3310 cuntur
256 3246 290 3308 et
323 3236 547 3333 applicantur;
582 3260 642 3332 per
676 3247 763 3310 artes
800 3237 942 3336 denique
976 3261 1092 3332 reges,
1126 3247 1183 3329 ut,
1225 3238 1346 3335 quibus

94 3365 276 3452 praesunt,
309 3355 450 3452 populos
477 3355 632 3430 omnibus
665 3355 819 3430 fortunae
846 3356 944 3430 bonis
969 3357 1149 3452 locupletes
1176 3368 1210 3428 et
1235 3357 1346 3453 copin-

95 3499 167 3566 sos,
194 3473 322 3548 viribus
348 3483 381 3546 et
398 3474 593 3548 auctoritato
619 3484 826 3570 praestantes
853 3483 898 3564 et,
925 3475 1012 3572 quod
1040 3483 1216 3570 caputest,
1244 3476 1345 3548 animi

93 3592 276 3666 virtutibus
303 3593 484 3666 instructos
510 3601 712 3691 ornatusque
739 3593 897 3685 reddant,
934 3593 1044 3666 studio
1078 3593 1210 3666 incendi
1238 3595 1347 3668 solent

95 3710 405 3784 vehementissimo.

202 3829 271 3902 Sed
297 3828 376 3926 quid
404 3828 536 3901 tandem
563 3839 633 3920 cst,
667 3853 725 3901 cur
752 3829 816 3902 hoe
842 3829 941 3902 modo
976 3833 1010 3902 in
1042 3829 1157 3904 leudos
1183 3829 1345 3926 majorum

93 3948 265 4040 Tnornm,
299 3947 462 4020 Paracars
496 3947 736 4038 Saacmssrun,
772 3971 944 4020 excurram
978 3958 1012 4020 at
1043 3947 1345 4045 felicitatemque

95 4067 242 4140 Saxonis
279 4091 358 4164 prae
385 4077 434 4140 tot
469 4089 507 4138 ac
540 4067 641 4139 tantis
674 4065 826 4162 Europae
861 4065 1046 4140 civitatibus
1081 4067 1122 4140 ah
1156 4067 1345 4163 antiquissi-

94 4186 162 4258 mis
188 4184 269 4257 indc
295 4183 501 4282 temporibus
528 4187 567 4258 ad
594 4185 684 4258 huuc
710 4208 816 4280 usque
843 4184 932 4258 diem
963 4184 1089 4280 viguit,
1125 4185 1219 4282 quasi
1250 4207 1345 4279 prae·

94 4303 192 4376 conis
227 4327 309 4376 rece
343 4304 555 4402 praedicemi
618 4303 705 4388 Ouid
751 4315 819 4396 est,
865 4304 954 4400 quod
996 4304 1117 4376 artium
1159 4302 1345 4378 liberalium

93 4423 258 4497 utilitates
285 4423 359 4497 'libi
386 4423 545 4519 explicem
571 4434 605 4494 ct
629 4445 841 4516 recenseam,
869 4422 989 4520 quippe
1016 4422 1072 4518 qui
1099 4423 1170 4516 ipse
1196 4422 1345 4498 omnium
