3136 5164
303 406 367 470 238
727 405 909 460 ennarroau
927 405 1003 457 arar.

371 627 418 690 Srt
436 625 532 700 aobra,
553 625 605 688 ubi
627 625 760 688 abundat
780 640 871 698 amor,
893 623 1046 704 multoque
1068 623 1196 704 patescit

370 736 505 817 Amplius
527 735 597 798 hoio
617 733 756 814 spatium.
779 735 832 818 qui
853 733 929 808 aitis,
952 732 1052 806 dieite,
1074 739 1108 795 ut
1128 733 1206 796 nitra

370 844 549 925 Progredior
570 844 708 926 tempusa
731 853 760 907 et
781 859 929 924 quaenam
951 851 997 904 est
1017 841 1067 904 iiia
1090 851 1217 916 caterva,

321 969 355 1022 tt
373 957 455 1030 Quae
477 955 522 1018 sio
542 963 613 1035 post
631 962 764 1016 restrum
786 955 880 1016 iertnr
900 952 977 1036 pede
999 961 1141 1032 praepete
1162 951 1303 1032 tergum?

413 1065 480 1127 Non
502 1064 589 1127 aliter
608 1071 767 1126 montanus
788 1062 879 1126 homo
901 1069 1001 1142 stupet
1021 1061 1136 1125 inscius
1158 1081 1210 1126 ore

372 1174 504 1237 Turbato
526 1182 687 1254 mutuaque
709 1173 815 1236 haeret
834 1171 1016 1253 spectaculo,
1038 1172 1091 1235 nbi
1113 1172 1217 1234 arbem

370 1283 410 1346 Et
428 1283 514 1348 rudia
536 1293 567 1346 et
587 1284 670 1345 ieme
692 1281 868 1360 ingreditur,
891 1296 981 1361 quarn
1002 1281 1152 1361 quaelibet
1173 1281 1277 1343 umbra

370 1393 513 1456 Portenta
535 1409 660 1456 excussa
682 1399 739 1454 eet
783 1391 842 1453 Sed
863 1398 1024 1472 postquam
1046 1398 1182 1471 exempta
1204 1391 1338 1471 emporia

320 1511 354 1566 tt
371 1503 503 1574 Sannina,
526 1502 577 1582 qui
598 1499 698 1563 subito
720 1517 868 1580 generoso
888 1500 920 1562 in
943 1499 1033 1562 eorda
1052 1501 1185 1563 virorum

371 1612 502 1692 intepet:
525 1610 550 1672 0
572 1620 611 1686 te,
634 1609 740 1690 inquit,
762 1609 890 1682 felicem,
913 1627 990 1690 quae
1011 1611 1115 1672 umbra
1137 1618 1255 1689 rogarat

370 1720 530 1801 Mentior,
554 1739 590 1782 ex
610 1727 715 1782 nostro
737 1735 814 1799 quae
836 1727 973 1799 expertae
995 1719 1096 1782 littore
1116 1718 1194 1782 ritae

370 1828 520 1902 Notitiam,
543 1838 577 1892 ut
598 1829 677 1892 rivas
698 1827 817 1892 metina.
859 1827 990 1906 Vestigia
1011 1837 1114 1892 nostra

371 1929 551 2018 Quae'qene
572 1957 634 2002 non
655 1938 799 2018 sequitur,
820 1937 975 2001 malefacto
997 1937 1121 2002 offendit
1144 1937 1175 2000 in
1197 1937 1259 2012 iiio,

323 2056 356 2111 tt
371 2047 429 2112 Per
451 2048 530 2130 quod
553 2067 587 2112 se
608 2047 720 2111 audivit
740 2047 874 2128 reginam
896 2066 913 2110 a
934 2048 1022 2128 plebe
1042 2049 1142 2111 vocari

371 2158 544 2231 Canania
566 2157 772 2239 opprobrium,
794 2175 884 2220 eurm
903 2155 1016 2220 uiatore
1040 2157 1235 2238 triumphans.

373 2268 471 2341 Quare
493 2268 654 2330 clamantes
676 2268 836 2330 Sodomam
859 2267 931 2330 dant
952 2275 1034 2346 terga
1056 2267 1147 2330 aitato

372 2377 477 2450 Cursu,
501 2378 640 2458 quodque
662 2376 766 2440 andire
789 2377 852 2451 init,
875 2376 934 2440 sihi
956 2377 1083 2458 quisque
1104 2377 1225 2440 intentio

370 2486 545 2567 Exprobrat,
568 2495 657 2566 atque
678 2487 788 2549 rubore
811 2505 866 2550 suo
888 2487 1036 2560 flammam
1057 2486 1176 2568 adjuvat
1196 2486 1287 2566 ignis.

321 2613 355 2668 75
414 2595 535 2659 Semina
557 2595 726 2659 nuntiabis
747 2603 869 2659 nostrae
890 2615 926 2659 ex
948 2595 1046 2678 eapite
1067 2596 1311 2678 Hermaphroditi

372 2705 460 2782 Orta3
482 2714 530 2768 ast
549 2707 697 2769 humanae
718 2707 799 2786 quod
820 2724 878 2768 noa
897 2715 1094 2788 praepostera
1114 2706 1173 2786 legi

370 2815 578 2888 Praetulimus,
600 2823 736 2878 nostrum
757 2823 906 2878 aeotantae
928 2833 1011 2878 more
1037 2816 1134 2879 serino

370 2924 535 3003 Ingenium,
556 2924 666 3003 legitur
686 2924 775 2986 nobis
796 2923 976 2988 abeuntibus
997 2927 1029 2988 in
1050 2943 1107 2988 aaa

370 3033 454 3098 liliua
475 3051 595 3107 nomen,
619 3051 678 3114 quo
700 3033 822 3097 iniamia
843 3043 946 3098 nostra
968 3045 1096 3110 notatur,

319 3151 354 3208 80
369 3143 472 3208 Beliua
493 3161 569 3224 quae
590 3143 709 3207 inventa
730 3153 776 3207 eet
797 3145 996 3208 referentibus
1018 3163 1072 3207 ora
1089 3144 1236 3226 juvencae

371 3255 405 3317 in
426 3255 523 3317 tertis.
541 3261 587 3300 '-
608 3253 694 3318 Nune
714 3253 786 3328 aeia,
808 3273 885 3335 quae
906 3253 996 3317 nobie
1018 3263 1082 3317 aeta
1104 3255 1233 3328 inerunt,

369 3363 407 3426 Et
429 3382 504 3444 qnae
525 3379 601 3426 nora
624 3365 685 3443 egit
705 3372 819 3428 aontea.
865 3365 898 3428 Si
920 3365 997 3428 iorte
1018 3345 1185 3445 requirae,'

371 3471 428 3546 Qui
451 3473 555 3548 aimus,
577 3491 749 3554 nomenque
768 3474 857 3537 simul
880 3474 1026 3556 cujusque
1047 3474 1195 3556 manetis,

368 3581 436 3644 Non
457 3591 542 3646 raoat
561 3582 590 3644 id
614 3584 679 3657 sari,
701 3601 759 3646 neo
780 3585 898 3646 aeirem.
941 3584 996 3645 nst
1016 3583 1075 3646 iata
1097 3583 1206 3664 cupido

318 3695 352 3752 tt
368 3690 428 3754 Per
447 3709 496 3754 me
516 3709 621 3754 manea
642 3693 695 3754 tibi
717 3695 777 3756 fiet.
820 3695 895 3756 Nam
916 3691 1038 3756 nomine
1059 3693 1170 3755 Garnae

369 3800 565 3864 Garamantas
587 3819 643 3881 ego
666 3802 759 3876 dicor,
778 3803 900 3884 jamque
922 3802 1010 3865 abian
1033 3801 1148 3873 sordes.

370 3910 457 3985 Quod
478 3911 563 3990 priua
585 3911 709 3986 indolui,
730 3913 831 3992 patim
853 3931 942 3992 qoam
963 3920 1095 3976 extrema
1116 3929 1278 3976 manerem.

411 4019 671 4095 quarantaniam
694 4021 829 4085 orbatum
853 4021 1017 4102 exagitante
1038 4023 1214 4104 Lycurgum,

367 4129 540 4193 Proaiiuere
561 4129 620 4192 duo
641 4129 705 4194 aian
727 4133 877 4210 genetrice
899 4131 1033 4212 gemeiiit

318 4253 352 4308 eo
368 4239 451 4302 Talia
472 4255 538 4318 ego,
561 4248 591 4302 at
612 4248 724 4304 tantum
745 4259 807 4304 non
829 4241 934 4315 anaim,
957 4243 1079 4306 nomine
1101 4243 1197 4305 noemi

368 4349 476 4414 Audito
497 4351 592 4429 patria
613 4357 645 4412 at
665 4349 858 4432 reliquorum,
881 4369 957 4432 quos
977 4353 1047 4416 tulit
1067 4359 1149 4416 aetra
