3136 5164
305 423 368 484 298
400 389 403 396 λ
764 363 1485 575 nouandis*

372 641 542 714 Humorem,
565 650 675 703 terram
698 650 787 720 atque
810 640 907 719 ignem
930 649 960 702 et
981 641 1069 702 mista
1091 640 1190 702 omnio
1212 659 1317 704 eorum

373 752 493 814 Semina
515 751 665 830 eonumpi
688 761 777 830 atque
798 769 904 829 parum
926 750 1064 812 diuturna
1084 767 1217 812 manere.

373 862 409 923 Et
430 869 527 923 tamen
550 878 585 921 ex
606 859 699 922 nihilo
723 861 841 922 fuerunt
862 861 938 920 haec
958 859 1024 939 ipsa
1047 868 1161 933 ereata3
1203 869 1209 874 “

374 972 481 1044 Quare,
504 970 531 1032 si
552 988 653 1032 verum
675 969 744 1040 dixi,
767 978 907 1049 corrupta
928 968 1038 1031 resolvi

228 1061 232 1077 ’
308 1090 356 1141 120
373 1081 456 1142 Haud
478 1097 609 1160 unquam
630 1087 764 1158 possent.
786 1111 828 1124 ··-
851 1079 962 1152 Frater,
986 1079 1096 1140 ohorus
1119 1078 1182 1140 aies
1205 1077 1334 1158 Olympi,

372 1192 494 1252 Sincera
516 1191 590 1251 haee
610 1189 704 1268 regio,
727 1207 785 1268 qua
806 1207 950 1268 praesens
971 1189 1037 1267 ipse
1058 1188 1194 1261 moraris,
1216 1221 1258 1234 -

373 1299 479 1374 Qualia
501 1317 580 1360 nuno
600 1307 747 1368 constant,
769 1331 812 1342 -
834 1315 906 1378 pura
929 1305 1017 1376 atque
1040 1298 1155 1374 integra
1177 1305 1276 1360 ereata

373 1411 453 1471 liaeo
474 1417 602 1489 possunt
622 1425 692 1468 vere
713 1408 788 1480 dioi;
809 1417 838 1469 at
860 1407 1022 1487 primordia
1045 1425 1154 1478 rerum,

374 1521 457 1593 Quae
478 1517 568 1580 modo
591 1517 700 1589 dixisti,
722 1527 784 1578 tum
807 1535 883 1596 quae
905 1524 1069 1578 naseuntur
1089 1517 1125 1582 ab
1149 1515 1234 1596 ipsis,

308 1643 355 1695 125
373 1629 479 1692 Omnia
499 1627 650 1689 deducunt
671 1627 795 1688 formam
818 1647 834 1688 a
855 1627 961 1688 virtute
984 1633 1091 1688 ereata.

373 1739 518 1810 Materies,
542 1757 577 1797 ex
599 1755 656 1815 qua
678 1743 815 1798 eonstant
837 1735 974 1806 seorsim,
997 1735 1063 1814 ipsa
1087 1743 1184 1796 ereata
1207 1744 1262 1802 est.

373 1849 484 1928 visque
506 1853 604 1909 ereata
625 1845 681 1906 iuit
702 1864 757 1925 per
778 1864 810 1908 se
833 1853 900 1924 apta
922 1845 1064 1907 inducere
1087 1846 1221 1916 ienuam

373 1959 464 2020 Insita
486 1955 635 2018 sideribus
658 1953 770 2016 oireum
793 1931 978 2017 informanda
1000 1955 1104 2016 rotatis

373 2069 514 2148 Corpora.
558 2066 736 2127 Sanctorum
757 2065 868 2137 radius,
891 2072 1049 2143 motusque
1072 2063 1227 2142 globorum

308 2199 356 2250 130
373 2179 430 2239 Pro
454 2177 599 2257 cujusque
620 2175 731 2246 babitu,
754 2175 802 2236 eui
825 2174 908 2254 prim
930 2173 1063 2254 potentia
1080 2173 1184 2252 juncta
1206 2180 1262 2242 est,

372 2288 498 2350 dttrahit
519 2285 640 2348 alituum
662 2284 871 2364 pecudumque
893 2284 1053 2363 gregisque
1074 2281 1181 2344 marini

372 2397 601 2476 Plantammque
622 2394 746 2457 animos.
790 2393 912 2456 Bonitas
933 2401 962 2455 at
983 2411 1098 2454 summa
1119 2392 1251 2471 parentis

372 2508 457 2569 Hane
478 2514 609 2568 nostram
633 2504 726 2584 spirat
745 2505 833 2566 vitam
856 2523 916 2566 non
939 2503 1124 2565 oonoiiiatam

373 2617 510 2678 Externis
532 2615 632 2687 rebus,
654 2611 743 2676 simul
764 2614 915 2693 inspirans
937 2613 983 2675 sui
1006 2630 1148 2685 amorem,

308 2741 356 2794 135
374 2725 411 2788 Ut
431 2724 582 2787 desiderio
604 2724 673 2785 dein
695 2723 812 2785 Patrem
835 2741 955 2802 semper
975 2723 1104 2786 anhelet

414 2836 491 2897 Hine
511 2833 566 2894 tibi
588 2831 730 2910 colligere
752 2843 807 2906 est,
830 2851 922 2913 quare
945 2849 1014 2894 earo
1035 2839 1134 2894 restra
1156 2839 1301 2908 resurget,

373 2947 405 3008 Si
426 2945 503 3006 bene
524 2943 704 3024 perpendas,
727 2947 860 3022 quitum
882 2943 938 3005 suit
960 2942 1046 3016 edita,
1068 2942 1182 3020 primos

374 3056 446 3118 Cum
467 3054 582 3134 primus
603 3052 691 3116 nobie
713 3051 865 3131 genitores
887 3051 1022 3114 condidit
1040 3057 1156 3114 auctor.

862 3313 949 3396 t'tlt.

414 3493 494 3556 Olim
514 3493 593 3556 haud
616 3491 729 3574 absque
750 3511 806 3554 suo
829 3493 968 3555 credebat
989 3500 1067 3556 terra
1089 3491 1203 3571 periclo

371 3605 547 3667 Formosam
569 3605 721 3676 Venerem,
746 3621 832 3684 quam
854 3601 940 3665 tertia
963 3603 1091 3682 sphaera
1112 3610 1258 3663 rotantem

371 3713 497 3794 decipit,
519 3713 657 3775 insanum
679 3712 771 3774 radiis
793 3713 927 3775 emittere
949 3731 1098 3786 amorem;

372 3822 471 3896 Quare
492 3821 663 3902 ubieunque
684 3821 743 3884 ioei
765 3831 880 3884 veteres
902 3841 1006 3884 errore
1026 3829 1143 3884 vetusto

338 3931 446 4004 eiluie
468 3940 602 3994 struxere
624 3949 700 4005 aras,
723 3932 831 3994 cultam
853 3933 884 3994 in
907 3951 960 3994 sua
982 3941 1048 3994 rota
1073 3939 1223 4004 meamea,

372 4043 505 4122 Cumque
529 4041 674 4121 Cupidine
695 4041 732 4103 iis
754 4043 810 4104 iuit
830 4061 925 4122 usqua
947 4041 977 4103 in
1001 4041 1116 4104 honore
1137 4041 1242 4104 Dione.

371 4153 454 4215 Hane
477 4151 587 4213 etenim
608 4157 733 4214 matrem
756 4151 867 4226 dixere,
890 4151 1033 4232 iilumque
1055 4159 1196 4224 creatum,

372 4261 429 4335 Qui
454 4261 603 4342 quondam
624 4261 732 4324 iodxus
755 4262 868 4340 gremio
890 4260 1019 4324 infelieis
1040 4261 1140 4324 Elisae

370 4371 498 4435 Soderit.
541 4369 618 4432 Hirro
639 4369 697 4450 ipsi
720 4370 869 4433 docebant
890 4371 1010 4434 nomina
1032 4371 1144 4445 stellam,
1157 4447 1190 4488 4
