3124 5170
516 469 707 525 thusnhffltntt
725 475 801 526 ml.

146 701 174 753 15
190 691 317 752 Carolus
339 709 356 752 a
377 697 480 752 mucio
501 692 625 768 Magone
647 709 714 754 cum
736 693 844 754 decidit
866 713 948 768 anso,

192 801 264 862 Tam
286 801 504 880 perterricrepo
526 820 585 862 noo
608 802 734 880 perculit
755 809 822 864 aera
843 803 953 866 bombo

191 909 373 972 Rholandns.
397 943 436 956 -
460 912 553 990 Caput
574 895 646 973 inde¹
664 929 753 973 ansus
775 913 938 993 paullisper
958 915 990 976 in
1011 913 1100 977 alhun

193 1019 326 1093 Tollere,
349 1037 415 1082 surn
437 1020 544 1082 multas
565 1021 646 1082 visne
669 1029 804 1100 spectare
824 1023 970 1102 praealtas

81 1110 84 1219 l
192 1130 313 1192 Turres.
357 1129 455 1203 Quare
478 1147 549 1208 eqo:
572 1131 640 1202 llic,
663 1149 806 1210 quaenam
828 1140 874 1194 est
892 1141 970 1195 terra
991 1135 1062 1207 ista,
1085 1131 1246 1213 magister?

143 1254 175 1304 att
192 1240 281 1319 lsqnc
303 1239 389 1302 mihi:
414 1240 560 1318 Quoniam
582 1240 681 1301 multis
704 1240 809 1320 stipata
830 1242 962 1304 tenebris

192 1349 250 1410 Per
270 1349 336 1410 loca
357 1350 534 1410 transcurris
556 1349 679 1410 nimium
700 1350 821 1428 procul,
844 1351 913 1414 hino
934 1353 983 1424 lit,
1005 1361 1037 1414 nt
1059 1369 1141 1415 erres

190 1459 318 1538 Propter
339 1459 476 1537 opinatus
497 1459 602 1532 animi3
624 1465 668 1532 at,
689 1459 797 1538 probe,
821 1469 851 1521 tn
874 1479 991 1540 quoqne
1012 1463 1119 1535 disces,

190 1567 264 1628 lllnc
286 1569 312 1629 si
333 1567 471 1640 accedas,
495 1585 601 1646 quam,
625 1585 700 1648 qnae
720 1567 880 1648 longinqua
899 1571 1044 1644 ridentur,

191 1677 344 1756 Decipiant
365 1693 487 1740 sensns:
512 1695 602 1757 qnare
623 1680 831 1757 properantius
852 1681 901 1741 ito.

143 1793 175 1848 25
191 1785 413 1867 hppronditqne
433 1801 552 1849 manum
573 1798 771 1867 peramanter,
795 1798 823 1851 et
844 1791 966 1870 insuper
986 1789 1080 1852 addit:

190 1897 265 1960 Ante
287 1897 343 1958 iter
363 1896 486 1960 ulterius
509 1915 595 1976 qnam
617 1915 723 1977 pergas
746 1917 867 1978 carpere
887 1915 1011 1973 mecum,

190 2006 290 2077 Scito,
313 2025 373 2068 non
396 2005 462 2068 illas
483 2015 595 2080 turres,
617 2023 719 2068 rernm
742 2027 809 2070 esse
830 2007 971 2086 gigantas,

82 2160 85 2205 t
190 2117 350 2196 Stautqne,
374 2123 458 2177 tenus
479 2117 590 2179 ventris
613 2117 711 2195 quanti
734 2126 817 2192 sunt,
839 2119 970 2198 undique
992 2119 1040 2180 liri

83 2220 86 2319 ᾗ
190 2227 307 2289 Circum
329 2242 411 2287 oram
432 2227 523 2304 putei.
567 2225 675 2298 Veluti,
699 2226 821 2305 caligine
843 2227 936 2306 pulsa,

83 2324 86 2379 ῑ
143 2347 174 2398 lt
191 2335 345 2399 Paullatim
367 2335 511 2414 incipiunt
532 2333 610 2398 oonli
631 2335 846 2409 internoscere,
869 2336 1022 2415 quidquid,

190 2446 264 2508 lira
288 2445 339 2524 qui
361 2445 465 2524 stipat,
487 2461 579 2524 vapor
598 2444 724 2520 abdidit3
747 2452 814 2508 aera
836 2463 969 2506 crassum

83 2428 88 2677 ἱ
191 2555 240 2616 Sic
261 2574 323 2630 me,
347 2553 416 2615 dnm
438 2553 534 2628 ludio,
557 2555 650 2634 magis
673 2563 703 2617 et
722 2557 816 2634 magis
837 2573 931 2635 nsque
953 2555 1156 2635 propinquans

84 2684 87 2841 ἶ
191 2663 284 2736 Orac,
308 2681 391 2726 error
411 2664 485 2743 fugit
507 2673 536 2725 et
556 2682 648 2743 paror
668 2665 774 2741 ingene
795 2674 921 2744 oocnpat
941 2672 1032 2726 artus.

191 2774 323 2854 Namque
344 2781 395 2848 nt,
417 2773 468 2836 uhi
489 2770 565 2836 vallo
586 2775 671 2836 sedet
692 2791 760 2836 area
781 2783 865 2854 septa
886 2775 1022 2847 rotundo,

85 2924 87 2965 ἦ
145 2893 175 2946 tl
191 2883 370 2960 lionshegio
393 2883 486 2962 surgit
507 2883 661 2946 redimitus
683 2884 814 2946 hrrrihus
836 2885 922 2947 altis:

84 2996 87 3103 Ι
191 2994 240 3054 Sic
263 2992 457 3064 exornabant,
480 3001 587 3072 putens
611 3011 667 3072 qna
690 2994 829 3070 cingitur,
852 3013 934 3057 oraru

191 3102 352 3166 Terribiles
373 3103 468 3165 media
490 3121 549 3164 non
572 3103 639 3182 plus
661 3120 748 3182 qnam
769 3112 853 3183 parte
874 3105 1005 3182 gigantes

191 3215 286 3292 Supra
308 3212 528 3292 impendentes,
552 3213 636 3292 queis
657 3213 794 3292 luppiter
815 3215 932 3276 aethere
954 3213 990 3276 ah
1013 3214 1080 3284 alto,

190 3323 266 3384 llum
288 3323 425 3402 crepitat,
448 3323 598 3384 minitatur
618 3320 723 3383 adhue.
745 3355 787 3366 --
808 3322 877 3383 llihi
896 3324 1018 3403 Jamque
1039 3322 1159 3384 videhar

143 3440 174 3492 lc
192 3430 320 3496 Cernere
343 3431 496 3512 eujusdam
517 3431 682 3510 laciemqne
703 3431 902 3510 humerosque
925 3433 1082 3511 sinumque

189 3541 227 3603 Et
249 3557 385 3618 magnam
407 3541 517 3603 ventris
539 3550 672 3620 partem,
695 3541 881 3620 distentaque
902 3543 1050 3622 utrimque

189 3650 315 3712 Brachia
337 3651 392 3712 suh
415 3650 516 3714 mstis.
558 3651 648 3712 Recte
671 3661 771 3712 natura
793 3651 912 3730 reliquit

82 3796 84 3825 ι
189 3761 304 3833 Artem
328 3779 403 3839 qnae
424 3761 499 3823 tales
520 3761 656 3822 homines
678 3761 709 3822 in
731 3761 849 3823 luminis
872 3777 958 3823 auras

189 3869 312 3944 Ederet,
336 3869 383 3930 his
406 3867 511 3934 similis
531 3871 615 3932 hiarti
638 3880 774 3951 ereptura
795 3872 958 3933 nnoistros.

143 3989 174 4042 ⁴5
192 3979 279 4051 Quod
302 3979 327 4040 si
351 3988 482 4044 cetorum
504 3990 553 4042 ant
574 3982 761 4060 elephantum
782 3982 860 4042 hand
882 3981 1014 4062 poenitet
1035 3979 1124 4054 illam,

189 4087 249 4150 lles
270 4088 446 4168 inspectanti
466 4091 584 4170 penitus
605 4090 753 4152 censenda
774 4091 889 4153 videtur
911 4155 917 4172 ,

191 4196 262 4258 Plus
280 4197 362 4277 justa
382 4215 417 4260 ac
439 4197 579 4280 prudens.
622 4200 696 4262 Nam
718 4201 743 4262 si
765 4199 883 4262 solertia
905 4199 1012 4262 mentis

190 4305 358 4386 Nequitiam
376 4306 482 4387 jungat
503 4327 569 4370 cum
592 4310 633 4383 ri,
652 4310 714 4390 Jam
736 4309 816 4372 nulla
834 4311 950 4390 juraret

80 4456 82 4491 ,
192 4415 300 4478 Contra
324 4415 484 4480 obnitentis
505 4419 604 4482 virtus
647 4417 808 4498 Praelonga
830 4420 946 4500 patebat
