<?xml version="1.0" encoding="UTF-8"?>
<!DOCTYPE html PUBLIC "-//W3C//DTD XHTML 1.0 Transitional//EN"
    "http://www.w3.org/TR/xhtml1/DTD/xhtml1-transitional.dtd">
<html xmlns="http://www.w3.org/1999/xhtml" xml:lang="en" lang="en">
 <head>
  <title>
</title>
<meta http-equiv="Content-Type" content="text/html;charset=utf-8" />
  <meta name='ocr-system' content='tesseract 3.04.00' />
  <meta name='ocr-capabilities' content='ocr_page ocr_carea ocr_par ocr_line ocrx_word'/>
</head>
<body>
  <div class='ocr_page' id='page_1' title='image "./divinacomoedia00piazgoog_0063.png"; bbox 0 0 3116 5162; ppageno 0'>
   <div class='ocr_carea' id='block_1_1' title="bbox 763 451 992 504">
    <p class='ocr_par' dir='ltr' id='par_1_1' title="bbox 763 451 992 504">
     <span class='ocr_line' id='line_1_1' title="bbox 763 451 992 504; baseline -0.004 0"><span class='ocrx_word' id='word_1_1' title='bbox 763 451 957 504; x_wconf 68' lang='lat' dir='ltr'><strong>taruanorum</strong></span> <span class='ocrx_word' id='word_1_2' title='bbox 975 451 992 503; x_wconf 88' lang='lat' dir='ltr'><strong>l.</strong></span> 
     </span>
    </p>
   </div>
   <div class='ocr_carea' id='block_1_2' title="bbox 246 660 1486 4264">
    <p class='ocr_par' dir='ltr' id='par_1_2' title="bbox 246 660 1486 4264">
     <span class='ocr_line' id='line_1_2' title="bbox 247 660 1132 786; baseline -0.005 -47"><span class='ocrx_word' id='word_1_3' title='bbox 247 660 250 786; x_wconf 55' lang='lat' dir='ltr'><strong>p</strong></span> <span class='ocrx_word' id='word_1_4' title='bbox 317 686 351 740; x_wconf 75' lang='lat' dir='ltr'><strong>et</strong></span> <span class='ocrx_word' id='word_1_5' title='bbox 367 673 485 754; x_wconf 77' lang='lat' dir='ltr'><strong>Angorc</strong></span> <span class='ocrx_word' id='word_1_6' title='bbox 507 673 651 736; x_wconf 83' lang='lat' dir='ltr'><strong>absumet.</strong></span> <span class='ocrx_word' id='word_1_7' title='bbox 695 673 762 736; x_wconf 83' lang='lat' dir='ltr'><strong>Non</strong></span> <span class='ocrx_word' id='word_1_8' title='bbox 784 671 835 735; x_wconf 91' lang='lat' dir='ltr'><strong>isti</strong></span> <span class='ocrx_word' id='word_1_9' title='bbox 856 681 951 747; x_wconf 88' lang='lat' dir='ltr'><strong>terra,</strong></span> <span class='ocrx_word' id='word_1_10' title='bbox 974 690 1030 736; x_wconf 88' lang='lat' dir='ltr'><strong>nec</strong></span> <span class='ocrx_word' id='word_1_11' title='bbox 1052 673 1132 736; x_wconf 85' lang='lat' dir='ltr'><strong>aeris</strong></span> 
     </span>
     <span class='ocr_line' id='line_1_3' title="bbox 247 783 1176 881; baseline -0.002 -35"><span class='ocrx_word' id='word_1_12' title='bbox 247 798 250 881; x_wconf 66' lang='lat' dir='ltr'><strong>p</strong></span> <span class='ocrx_word' id='word_1_13' title='bbox 368 785 466 846; x_wconf 82' lang='lat' dir='ltr'><strong>Massa</strong></span> <span class='ocrx_word' id='word_1_14' title='bbox 487 783 629 846; x_wconf 78' lang='lat' dir='ltr'><strong>alimenta</strong></span> <span class='ocrx_word' id='word_1_15' title='bbox 651 783 748 856; x_wconf 86' lang='lat' dir='ltr'><strong>dabit,</strong></span> <span class='ocrx_word' id='word_1_16' title='bbox 770 801 873 846; x_wconf 82' lang='lat' dir='ltr'><strong>rerum</strong></span> <span class='ocrx_word' id='word_1_17' title='bbox 895 783 1059 864; x_wconf 76' lang='lat' dir='ltr'><strong>sapientia,</strong></span> <span class='ocrx_word' id='word_1_18' title='bbox 1081 783 1176 845; x_wconf 87' lang='lat' dir='ltr'><strong>virtus</strong></span> 
     </span>
     <span class='ocr_line' id='line_1_4' title="bbox 247 892 1286 974; baseline 0 -21"><span class='ocrx_word' id='word_1_19' title='bbox 247 903 250 953; x_wconf 84' lang='lat' dir='ltr'><strong>t</strong></span> <span class='ocrx_word' id='word_1_20' title='bbox 337 894 464 974; x_wconf 81' lang='lat' dir='ltr'><strong>.Atque</strong></span> <span class='ocrx_word' id='word_1_21' title='bbox 486 905 579 956; x_wconf 87' lang='lat' dir='ltr'><strong>amor.</strong></span> <span class='ocrx_word' id='word_1_22' title='bbox 623 893 704 955; x_wconf 90' lang='lat' dir='ltr'><strong>idem</strong></span> <span class='ocrx_word' id='word_1_23' title='bbox 726 893 804 954; x_wconf 90' lang='lat' dir='ltr'><strong>intra</strong></span> <span class='ocrx_word' id='word_1_24' title='bbox 826 893 917 967; x_wconf 87' lang='lat' dir='ltr'><strong>flues,</strong></span> <span class='ocrx_word' id='word_1_25' title='bbox 942 911 1017 973; x_wconf 91' lang='lat' dir='ltr'><strong>quos</strong></span> <span class='ocrx_word' id='word_1_26' title='bbox 1040 901 1165 972; x_wconf 84' lang='lat' dir='ltr'><strong>utraque</strong></span> <span class='ocrx_word' id='word_1_27' title='bbox 1187 892 1286 973; x_wconf 82' lang='lat' dir='ltr'><strong>signat</strong></span> 
     </span>
     <span class='ocr_line' id='line_1_5' title="bbox 247 1001 1193 1084; baseline -0.001 -19"><span class='ocrx_word' id='word_1_28' title='bbox 247 1007 250 1080; x_wconf 71' lang='grc' dir='ltr'><em>ξ</em></span> <span class='ocrx_word' id='word_1_29' title='bbox 368 1003 516 1076; x_wconf 77' lang='lat' dir='ltr'><strong>Ferrum,</strong></span> <span class='ocrx_word' id='word_1_30' title='bbox 540 1011 693 1075; x_wconf 88' lang='lat' dir='ltr'><strong>nascetur,</strong></span> <span class='ocrx_word' id='word_1_31' title='bbox 716 1001 860 1084; x_wconf 90' lang='lat' dir='ltr'><strong>populum</strong></span> <span class='ocrx_word' id='word_1_32' title='bbox 882 1012 913 1064; x_wconf 90' lang='lat' dir='ltr'><strong>et</strong></span> <span class='ocrx_word' id='word_1_33' title='bbox 934 1001 1048 1064; x_wconf 79' lang='lat' dir='ltr'>ditione</span> <span class='ocrx_word' id='word_1_34' title='bbox 1070 1001 1193 1066; x_wconf 75' lang='lat' dir='ltr'><strong>tenebit.</strong></span> 
     </span>
     <span class='ocr_line' id='line_1_6' title="bbox 247 1111 1160 1192; baseline -0.001 -17"><span class='ocrx_word' id='word_1_35' title='bbox 247 1173 249 1191; x_wconf 75' lang='grc'>,</span> <span class='ocrx_word' id='word_1_36' title='bbox 368 1113 415 1175; x_wconf 92' lang='lat' dir='ltr'><strong>lili</strong></span> <span class='ocrx_word' id='word_1_37' title='bbox 437 1111 542 1174; x_wconf 91' lang='lat' dir='ltr'><strong>humili</strong></span> <span class='ocrx_word' id='word_1_38' title='bbox 566 1113 683 1185; x_wconf 85' lang='lat' dir='ltr'><strong>italiae,</strong></span> <span class='ocrx_word' id='word_1_39' title='bbox 705 1131 761 1192; x_wconf 93' lang='lat' dir='ltr'><strong>pro</strong></span> <span class='ocrx_word' id='word_1_40' title='bbox 785 1131 842 1191; x_wconf 91' lang='lat' dir='ltr'><strong>qua</strong></span> <span class='ocrx_word' id='word_1_41' title='bbox 865 1112 1005 1173; x_wconf 80' lang='lat' dir='ltr'><strong>confossa</strong></span> <span class='ocrx_word' id='word_1_42' title='bbox 1028 1113 1160 1174; x_wconf 75' lang='lat' dir='ltr'><strong>Caurum</strong></span> 
     </span>
     <span class='ocr_line' id='line_1_7' title="bbox 247 1214 1194 1305; baseline -0.006 -17"><span class='ocrx_word' id='word_1_43' title='bbox 247 1214 250 1305; x_wconf 70' lang='grc' dir='ltr'><em>ξ</em></span> <span class='ocrx_word' id='word_1_44' title='bbox 304 1237 352 1289; x_wconf 83' lang='lat' dir='ltr'><strong>loo</strong></span> <span class='ocrx_word' id='word_1_45' title='bbox 368 1223 519 1302; x_wconf 85' lang='lat' dir='ltr'><strong>Nrsosque</strong></span> <span class='ocrx_word' id='word_1_46' title='bbox 541 1221 755 1302; x_wconf 75' lang='lat' dir='ltr'><strong>Ennianusque</strong></span> <span class='ocrx_word' id='word_1_47' title='bbox 778 1230 808 1283; x_wconf 90' lang='lat' dir='ltr'><strong>et</strong></span> <span class='ocrx_word' id='word_1_48' title='bbox 829 1221 946 1282; x_wconf 79' lang='lat' dir='ltr'><strong>Turnus</strong></span> <span class='ocrx_word' id='word_1_49' title='bbox 971 1221 1092 1302; x_wconf 79' lang='lat' dir='ltr'><strong>udnere</strong></span> <span class='ocrx_word' id='word_1_50' title='bbox 1114 1222 1194 1284; x_wconf 89' lang='lat' dir='ltr'><strong>caesi</strong></span> 
     </span>
     <span class='ocr_line' id='line_1_8' title="bbox 247 1315 1167 1410; baseline -0.001 -16"><span class='ocrx_word' id='word_1_51' title='bbox 247 1315 249 1326; x_wconf 51' lang='lat'>¹</span> <span class='ocrx_word' id='word_1_52' title='bbox 368 1331 574 1404; x_wconf 85' lang='lat' dir='ltr'><strong>Procubuere,</strong></span> <span class='ocrx_word' id='word_1_53' title='bbox 597 1329 655 1392; x_wconf 91' lang='lat' dir='ltr'><strong>erit</strong></span> <span class='ocrx_word' id='word_1_54' title='bbox 676 1330 727 1392; x_wconf 91' lang='lat' dir='ltr'><strong>ilie</strong></span> <span class='ocrx_word' id='word_1_55' title='bbox 749 1331 830 1392; x_wconf 86' lang='lat' dir='ltr'><strong>satus</strong></span> <span class='ocrx_word' id='word_1_56' title='bbox 852 1339 1028 1410; x_wconf 81' lang='lat' dir='ltr'><strong>pestemque</strong></span> <span class='ocrx_word' id='word_1_57' title='bbox 1052 1329 1167 1409; x_wconf 82' lang='lat' dir='ltr'>fugabit</span> 
     </span>
     <span class='ocr_line' id='line_1_9' title="bbox 246 1439 1192 1521; baseline 0.001 -19"><span class='ocrx_word' id='word_1_58' title='bbox 246 1455 249 1470; x_wconf 90' lang='grc'><strong><em>·</em></strong></span> <span class='ocrx_word' id='word_1_59' title='bbox 368 1441 448 1502; x_wconf 81' lang='lat' dir='ltr'><strong>itura</strong></span> <span class='ocrx_word' id='word_1_60' title='bbox 469 1458 525 1521; x_wconf 88' lang='lat' dir='ltr'><strong>per</strong></span> <span class='ocrx_word' id='word_1_61' title='bbox 546 1448 576 1501; x_wconf 90' lang='lat' dir='ltr'><strong>et</strong></span> <span class='ocrx_word' id='word_1_62' title='bbox 597 1457 733 1520; x_wconf 88' lang='lat' dir='ltr'><strong>campos,</strong></span> <span class='ocrx_word' id='word_1_63' title='bbox 756 1439 855 1503; x_wconf 88' lang='lat' dir='ltr'><strong>donec</strong></span> <span class='ocrx_word' id='word_1_64' title='bbox 876 1441 932 1502; x_wconf 89' lang='lat' dir='ltr'><strong>sub</strong></span> <span class='ocrx_word' id='word_1_65' title='bbox 956 1447 1065 1501; x_wconf 86' lang='lat' dir='ltr'><strong>tartara</strong></span> <span class='ocrx_word' id='word_1_66' title='bbox 1087 1459 1192 1503; x_wconf 91' lang='lat' dir='ltr'><strong>rursus</strong></span> 
     </span>
     <span class='ocr_line' id='line_1_10' title="bbox 247 1547 1177 1630; baseline -0.001 -17"><span class='ocrx_word' id='word_1_67' title='bbox 247 1604 249 1613; x_wconf 92' lang='lat'><em>.</em></span> <span class='ocrx_word' id='word_1_68' title='bbox 368 1549 497 1622; x_wconf 80' lang='lat' dir='ltr'><strong>Miserit,</strong></span> <span class='ocrx_word' id='word_1_69' title='bbox 521 1547 600 1612; x_wconf 91' lang='lat' dir='ltr'><strong>unde</strong></span> <span class='ocrx_word' id='word_1_70' title='bbox 621 1547 706 1630; x_wconf 89' lang='lat' dir='ltr'><strong>prius</strong></span> <span class='ocrx_word' id='word_1_71' title='bbox 728 1549 792 1611; x_wconf 91' lang='lat' dir='ltr'><strong>dira</strong></span> <span class='ocrx_word' id='word_1_72' title='bbox 813 1551 889 1612; x_wconf 90' lang='lat' dir='ltr'><strong>haec</strong></span> <span class='ocrx_word' id='word_1_73' title='bbox 910 1549 1018 1612; x_wconf 80' lang='lat' dir='ltr'><strong>intesta</strong></span> <span class='ocrx_word' id='word_1_74' title='bbox 1040 1549 1177 1612; x_wconf 76' lang='lat' dir='ltr'><strong>trahente</strong></span> 
     </span>
     <span class='ocr_line' id='line_1_11' title="bbox 368 1654 1119 1739; baseline -0.001 -17"><span class='ocrx_word' id='word_1_75' title='bbox 368 1658 482 1722; x_wconf 84' lang='lat' dir='ltr'><strong>invidia</strong></span> <span class='ocrx_word' id='word_1_76' title='bbox 505 1657 604 1721; x_wconf 83' lang='lat' dir='ltr'><strong>evrdsa</strong></span> <span class='ocrx_word' id='word_1_77' title='bbox 628 1666 683 1720; x_wconf 89' lang='lat' dir='ltr'><strong>est.</strong></span> <span class='ocrx_word' id='word_1_78' title='bbox 728 1659 828 1733; x_wconf 82' lang='lat' dir='ltr'><strong>Quare</strong></span> <span class='ocrx_word' id='word_1_79' title='bbox 849 1678 898 1721; x_wconf 89' lang='lat' dir='ltr'><strong>res</strong></span> <span class='ocrx_word' id='word_1_80' title='bbox 921 1659 1034 1739; x_wconf 89' lang='lat' dir='ltr'><strong>optima</strong></span> <span class='ocrx_word' id='word_1_81' title='bbox 1054 1654 1119 1721; x_wconf 86' lang='lat' dir='ltr'><strong>risa</strong></span> 
     </span>
     <span class='ocr_line' id='line_1_12' title="bbox 247 1768 1317 1859; baseline 0.007 -31"><span class='ocrx_word' id='word_1_82' title='bbox 247 1851 249 1859; x_wconf 48' lang='lat'><strong>,</strong></span> <span class='ocrx_word' id='word_1_83' title='bbox 303 1769 503 1842; x_wconf 73' lang='lat' dir='ltr'><strong>lectionari,</strong></span> <span class='ocrx_word' id='word_1_84' title='bbox 528 1777 574 1840; x_wconf 92' lang='lat' dir='ltr'><strong>ut,</strong></span> <span class='ocrx_word' id='word_1_85' title='bbox 598 1769 678 1849; x_wconf 93' lang='lat' dir='ltr'><strong>quod</strong></span> <span class='ocrx_word' id='word_1_86' title='bbox 700 1775 848 1831; x_wconf 87' lang='lat' dir='ltr'><strong>monstrat</strong></span> <span class='ocrx_word' id='word_1_87' title='bbox 870 1768 928 1830; x_wconf 91' lang='lat' dir='ltr'><strong>iter</strong></span> <span class='ocrx_word' id='word_1_88' title='bbox 947 1787 1014 1831; x_wconf 86' lang='lat' dir='ltr'><strong>mea</strong></span> <span class='ocrx_word' id='word_1_89' title='bbox 1037 1769 1147 1843; x_wconf 83' lang='lat' dir='ltr'><strong>torma,</strong></span> <span class='ocrx_word' id='word_1_90' title='bbox 1171 1772 1317 1851; x_wconf 84' lang='lat' dir='ltr'><strong>sequaris.</strong></span> 
     </span>
     <span class='ocr_line' id='line_1_13' title="bbox 247 1872 1268 1960; baseline -0.002 -18"><span class='ocrx_word' id='word_1_91' title='bbox 247 1872 249 1910; x_wconf 72' lang='lat'>³</span> <span class='ocrx_word' id='word_1_92' title='bbox 368 1879 432 1942; x_wconf 73' lang='lat' dir='ltr'><strong>liux</strong></span> <span class='ocrx_word' id='word_1_93' title='bbox 455 1898 523 1952; x_wconf 89' lang='lat' dir='ltr'><strong>ero,</strong></span> <span class='ocrx_word' id='word_1_94' title='bbox 547 1888 578 1940; x_wconf 89' lang='lat' dir='ltr'><strong>et</strong></span> <span class='ocrx_word' id='word_1_95' title='bbox 598 1887 738 1941; x_wconf 78' lang='lat' dir='ltr'><strong>aeternae</strong></span> <span class='ocrx_word' id='word_1_96' title='bbox 759 1877 825 1940; x_wconf 86' lang='lat' dir='ltr'><strong>loca</strong></span> <span class='ocrx_word' id='word_1_97' title='bbox 847 1897 903 1960; x_wconf 88' lang='lat' dir='ltr'><strong>per</strong></span> <span class='ocrx_word' id='word_1_98' title='bbox 923 1878 1075 1941; x_wconf 88' lang='lat' dir='ltr'><strong>teterrima</strong></span> <span class='ocrx_word' id='word_1_99' title='bbox 1098 1879 1195 1942; x_wconf 80' lang='lat' dir='ltr'><strong>noctis</strong></span> <span class='ocrx_word' id='word_1_100' title='bbox 1263 1912 1268 1920; x_wconf 80' lang='lat'><em>—</em></span> 
     </span>
     <span class='ocr_line' id='line_1_14' title="bbox 247 1985 1151 2068; baseline 0 -17"><span class='ocrx_word' id='word_1_101' title='bbox 247 1985 249 2026; x_wconf 75' lang='lat'>³</span> <span class='ocrx_word' id='word_1_102' title='bbox 369 1988 446 2052; x_wconf 86' lang='lat' dir='ltr'><strong>Hinc</strong></span> <span class='ocrx_word' id='word_1_103' title='bbox 468 1997 497 2052; x_wconf 90' lang='lat' dir='ltr'><strong>te</strong></span> <span class='ocrx_word' id='word_1_104' title='bbox 519 1987 674 2068; x_wconf 82' lang='lat' dir='ltr'><strong>diripiam:</strong></span> <span class='ocrx_word' id='word_1_105' title='bbox 698 1995 786 2068; x_wconf 89' lang='lat' dir='ltr'><strong>atque</strong></span> <span class='ocrx_word' id='word_1_106' title='bbox 808 1988 877 2050; x_wconf 90' lang='lat' dir='ltr'><strong>istic</strong></span> <span class='ocrx_word' id='word_1_107' title='bbox 900 1987 1013 2067; x_wconf 84' lang='lat' dir='ltr'><strong>mugire</strong></span> <span class='ocrx_word' id='word_1_108' title='bbox 1034 1987 1151 2051; x_wconf 85' lang='lat' dir='ltr'><strong>ridebis</strong></span> 
     </span>
     <span class='ocr_line' id='line_1_15' title="bbox 247 2078 1153 2173; baseline -0.001 -12"><span class='ocrx_word' id='word_1_109' title='bbox 247 2078 249 2150; x_wconf 64' lang='grc' dir='ltr'><strong>ἶ</strong></span> <span class='ocrx_word' id='word_1_110' title='bbox 368 2099 496 2162; x_wconf 85' lang='lat' dir='ltr'><strong>iterotas</strong></span> <span class='ocrx_word' id='word_1_111' title='bbox 515 2097 645 2172; x_wconf 88' lang='lat' dir='ltr'><strong>animas,</strong></span> <span class='ocrx_word' id='word_1_112' title='bbox 670 2099 779 2160; x_wconf 83' lang='lat' dir='ltr'><strong>imstra</strong></span> <span class='ocrx_word' id='word_1_113' title='bbox 801 2117 856 2160; x_wconf 88' lang='lat' dir='ltr'><strong>sua</strong></span> <span class='ocrx_word' id='word_1_114' title='bbox 878 2096 984 2160; x_wconf 88' lang='lat' dir='ltr'><strong>damna</strong></span> <span class='ocrx_word' id='word_1_115' title='bbox 1008 2099 1153 2173; x_wconf 88' lang='lat' dir='ltr'><strong>dolentes,</strong></span> 
     </span>
     <span class='ocr_line' id='line_1_16' title="bbox 247 2183 1323 2290; baseline 0 -18"><span class='ocrx_word' id='word_1_116' title='bbox 247 2183 249 2233; x_wconf 65' lang='lat'><em>³</em></span> <span class='ocrx_word' id='word_1_117' title='bbox 369 2209 573 2290; x_wconf 77' lang='lat' dir='ltr'><strong>Antiquusque</strong></span> <span class='ocrx_word' id='word_1_118' title='bbox 595 2207 715 2270; x_wconf 86' lang='lat' dir='ltr'><strong>umbras</strong></span> <span class='ocrx_word' id='word_1_119' title='bbox 737 2207 904 2288; x_wconf 78' lang='lat' dir='ltr'><strong>lugentum,</strong></span> <span class='ocrx_word' id='word_1_120' title='bbox 927 2208 979 2270; x_wconf 91' lang='lat' dir='ltr'><strong>ubi</strong></span> <span class='ocrx_word' id='word_1_121' title='bbox 1002 2207 1129 2288; x_wconf 81' lang='lat' dir='ltr'><strong>quisque</strong></span> <span class='ocrx_word' id='word_1_122' title='bbox 1152 2209 1323 2283; x_wconf 86' lang='lat' dir='ltr'><strong>secundam,</strong></span> 
     </span>
     <span class='ocr_line' id='line_1_17' title="bbox 303 2317 1224 2399; baseline 0.001 -20"><span class='ocrx_word' id='word_1_123' title='bbox 303 2328 352 2380; x_wconf 90' lang='lat' dir='ltr'><strong>lttt</strong></span> <span class='ocrx_word' id='word_1_124' title='bbox 369 2319 557 2382; x_wconf 84' lang='lat' dir='ltr'><strong>Horrendum</strong></span> <span class='ocrx_word' id='word_1_125' title='bbox 579 2319 734 2390; x_wconf 81' lang='lat' dir='ltr'><strong>frendens,</strong></span> <span class='ocrx_word' id='word_1_126' title='bbox 758 2317 918 2399; x_wconf 85' lang='lat' dir='ltr'><strong>compellat</strong></span> <span class='ocrx_word' id='word_1_127' title='bbox 939 2317 1060 2380; x_wconf 89' lang='lat' dir='ltr'><strong>nomine</strong></span> <span class='ocrx_word' id='word_1_128' title='bbox 1082 2327 1224 2382; x_wconf 88' lang='lat' dir='ltr'><strong>mortem:</strong></span> 
     </span>
     <span class='ocr_line' id='line_1_18' title="bbox 247 2418 1266 2510; baseline -0.001 -18"><span class='ocrx_word' id='word_1_129' title='bbox 247 2418 250 2446; x_wconf 84' lang='lat'><strong>¹</strong></span> <span class='ocrx_word' id='word_1_130' title='bbox 368 2429 465 2510; x_wconf 79' lang='lat' dir='ltr'><strong>Atque</strong></span> <span class='ocrx_word' id='word_1_131' title='bbox 486 2428 560 2492; x_wconf 87' lang='lat' dir='ltr'><strong>olias</strong></span> <span class='ocrx_word' id='word_1_132' title='bbox 583 2427 671 2490; x_wconf 90' lang='lat' dir='ltr'><strong>simui</strong></span> <span class='ocrx_word' id='word_1_133' title='bbox 693 2427 823 2508; x_wconf 81' lang='lat' dir='ltr'><strong>aspicies</strong></span> <span class='ocrx_word' id='word_1_134' title='bbox 845 2430 996 2490; x_wconf 83' lang='lat' dir='ltr'><strong>flammam</strong></span> <span class='ocrx_word' id='word_1_135' title='bbox 1018 2428 1097 2490; x_wconf 90' lang='lat' dir='ltr'><strong>inter</strong></span> <span class='ocrx_word' id='word_1_136' title='bbox 1115 2436 1148 2490; x_wconf 91' lang='lat' dir='ltr'><strong>et</strong></span> <span class='ocrx_word' id='word_1_137' title='bbox 1169 2427 1266 2508; x_wconf 77' lang='lat' dir='ltr'><strong>ignem</strong></span> 
     </span>
     <span class='ocr_line' id='line_1_19' title="bbox 301 2524 1071 2617; baseline -0.001 -16"><span class='ocrx_word' id='word_1_138' title='bbox 301 2524 305 2536; x_wconf 55' lang='lat'><strong><em>¹</em></strong></span> <span class='ocrx_word' id='word_1_139' title='bbox 369 2539 559 2617; x_wconf 73' lang='lat' dir='ltr'><strong>conflagrare</strong></span> <span class='ocrx_word' id='word_1_140' title='bbox 581 2556 635 2599; x_wconf 88' lang='lat' dir='ltr'><strong>sua</strong></span> <span class='ocrx_word' id='word_1_141' title='bbox 658 2546 814 2600; x_wconf 89' lang='lat' dir='ltr'><strong>contentas</strong></span> <span class='ocrx_word' id='word_1_142' title='bbox 836 2547 934 2612; x_wconf 88' lang='lat' dir='ltr'><strong>sorte,</strong></span> <span class='ocrx_word' id='word_1_143' title='bbox 957 2537 1071 2611; x_wconf 86' lang='lat' dir='ltr'><strong>beatae,</strong></span> 
     </span>
     <span class='ocr_line' id='line_1_20' title="bbox 368 2644 1101 2728; baseline 0 -18"><span class='ocrx_word' id='word_1_144' title='bbox 368 2647 550 2711; x_wconf 77' lang='lat' dir='ltr'><strong>Advenientc</strong></span> <span class='ocrx_word' id='word_1_145' title='bbox 572 2644 637 2720; x_wconf 88' lang='lat' dir='ltr'><strong>dic,</strong></span> <span class='ocrx_word' id='word_1_146' title='bbox 660 2655 816 2728; x_wconf 88' lang='lat' dir='ltr'><strong>sperantes</strong></span> <span class='ocrx_word' id='word_1_147' title='bbox 838 2647 970 2726; x_wconf 85' lang='lat' dir='ltr'><strong>praemia</strong></span> <span class='ocrx_word' id='word_1_148' title='bbox 993 2647 1101 2728; x_wconf 79' lang='lat' dir='ltr'><strong>gentis.</strong></span> 
     </span>
     <span class='ocr_line' id='line_1_21' title="bbox 367 2755 1217 2833; baseline 0.002 -14"><span class='ocrx_word' id='word_1_149' title='bbox 367 2756 406 2819; x_wconf 79' lang='lat' dir='ltr'><strong>tt</strong></span> <span class='ocrx_word' id='word_1_150' title='bbox 427 2755 453 2818; x_wconf 87' lang='lat' dir='ltr'><strong>si</strong></span> <span class='ocrx_word' id='word_1_151' title='bbox 475 2756 534 2818; x_wconf 79' lang='lat' dir='ltr'><strong>tert</strong></span> <span class='ocrx_word' id='word_1_152' title='bbox 555 2755 672 2818; x_wconf 86' lang='lat' dir='ltr'><strong>animus</strong></span> <span class='ocrx_word' id='word_1_153' title='bbox 694 2764 812 2818; x_wconf 91' lang='lat' dir='ltr'><strong>coetum</strong></span> <span class='ocrx_word' id='word_1_154' title='bbox 834 2757 1037 2820; x_wconf 82' lang='lat' dir='ltr'><strong>conscendere</strong></span> <span class='ocrx_word' id='word_1_155' title='bbox 1059 2759 1096 2820; x_wconf 89' lang='lat' dir='ltr'><strong>ad</strong></span> <span class='ocrx_word' id='word_1_156' title='bbox 1120 2758 1217 2833; x_wconf 87' lang='lat' dir='ltr'><strong>istum,</strong></span> 
     </span>
     <span class='ocr_line' id='line_1_22' title="bbox 303 2863 1139 2942; baseline 0.002 -14"><span class='ocrx_word' id='word_1_157' title='bbox 303 2875 351 2930; x_wconf 76' lang='lat'><strong>115</strong></span> <span class='ocrx_word' id='word_1_158' title='bbox 368 2863 505 2928; x_wconf 87' lang='lat' dir='ltr'><strong>iuvenies</strong></span> <span class='ocrx_word' id='word_1_159' title='bbox 528 2863 656 2927; x_wconf 86' lang='lat' dir='ltr'><strong>animam</strong></span> <span class='ocrx_word' id='word_1_160' title='bbox 679 2864 794 2927; x_wconf 87' lang='lat' dir='ltr'><strong>meritis</strong></span> <span class='ocrx_word' id='word_1_161' title='bbox 816 2865 991 2930; x_wconf 88' lang='lat' dir='ltr'><strong>melioribus</strong></span> <span class='ocrx_word' id='word_1_162' title='bbox 1013 2877 1139 2942; x_wconf 86' lang='lat' dir='ltr'><strong>auctam,</strong></span> 
     </span>
     <span class='ocr_line' id='line_1_23' title="bbox 246 2973 1154 3064; baseline 0.004 -28"><span class='ocrx_word' id='word_1_163' title='bbox 246 3046 249 3064; x_wconf 40' lang='grc' dir='ltr'>Ι</span> <span class='ocrx_word' id='word_1_164' title='bbox 370 2974 424 3037; x_wconf 89' lang='lat' dir='ltr'><strong>Cui</strong></span> <span class='ocrx_word' id='word_1_165' title='bbox 446 2982 475 3038; x_wconf 85' lang='lat' dir='ltr'><strong>te</strong></span> <span class='ocrx_word' id='word_1_166' title='bbox 498 2973 681 3036; x_wconf 86' lang='lat' dir='ltr'><strong>committam</strong></span> <span class='ocrx_word' id='word_1_167' title='bbox 703 2983 821 3037; x_wconf 88' lang='lat' dir='ltr'><strong>nostras</strong></span> <span class='ocrx_word' id='word_1_168' title='bbox 843 2975 993 3038; x_wconf 84' lang='lat' dir='ltr'><strong>rediturus</strong></span> <span class='ocrx_word' id='word_1_169' title='bbox 1015 2979 1052 3040; x_wconf 88' lang='lat' dir='ltr'><strong>ad</strong></span> <span class='ocrx_word' id='word_1_170' title='bbox 1075 2997 1154 3041; x_wconf 89' lang='lat' dir='ltr'><strong>oras.</strong></span> 
     </span>
     <span class='ocr_line' id='line_1_24' title="bbox 247 3078 1158 3168; baseline 0.001 -20"><span class='ocrx_word' id='word_1_171' title='bbox 247 3094 249 3107; x_wconf 93' lang='lat'>&#39;</span> <span class='ocrx_word' id='word_1_172' title='bbox 368 3085 504 3165; x_wconf 85' lang='lat' dir='ltr'><strong>Namque</strong></span> <span class='ocrx_word' id='word_1_173' title='bbox 527 3083 576 3146; x_wconf 89' lang='lat' dir='ltr'><strong>iiie</strong></span> <span class='ocrx_word' id='word_1_174' title='bbox 599 3083 710 3146; x_wconf 85' lang='lat' dir='ltr'><strong>excelsi</strong></span> <span class='ocrx_word' id='word_1_175' title='bbox 731 3101 857 3164; x_wconf 84' lang='lat' dir='ltr'><strong>magnus</strong></span> <span class='ocrx_word' id='word_1_176' title='bbox 879 3095 1020 3165; x_wconf 77' lang='lat' dir='ltr'><strong>regnator</strong></span> <span class='ocrx_word' id='word_1_177' title='bbox 1042 3078 1158 3168; x_wconf 79' lang='lat' dir='ltr'><strong>Olympi</strong></span> 
     </span>
     <span class='ocr_line' id='line_1_25' title="bbox 246 3193 1197 3277; baseline 0 -17"><span class='ocrx_word' id='word_1_178' title='bbox 246 3248 249 3260; x_wconf 90' lang='lat'>.</span> <span class='ocrx_word' id='word_1_179' title='bbox 369 3195 416 3256; x_wconf 81' lang='lat' dir='ltr'><strong>Mc</strong></span> <span class='ocrx_word' id='word_1_180' title='bbox 437 3193 495 3274; x_wconf 79' lang='lat' dir='ltr'><strong>legi</strong></span> <span class='ocrx_word' id='word_1_181' title='bbox 518 3194 675 3258; x_wconf 82' lang='lat' dir='ltr'><strong>adversum</strong></span> <span class='ocrx_word' id='word_1_182' title='bbox 697 3203 727 3258; x_wconf 89' lang='lat' dir='ltr'><strong>et</strong></span> <span class='ocrx_word' id='word_1_183' title='bbox 748 3203 850 3257; x_wconf 90' lang='lat' dir='ltr'><strong>contra</strong></span> <span class='ocrx_word' id='word_1_184' title='bbox 874 3215 927 3258; x_wconf 87' lang='lat' dir='ltr'><strong>sua</strong></span> <span class='ocrx_word' id='word_1_185' title='bbox 947 3196 1033 3277; x_wconf 87' lang='lat' dir='ltr'><strong>jussa</strong></span> <span class='ocrx_word' id='word_1_186' title='bbox 1055 3197 1197 3260; x_wconf 85' lang='lat' dir='ltr'><strong>rebeliem</strong></span> 
     </span>
     <span class='ocr_line' id='line_1_26' title="bbox 246 3304 1218 3455; baseline 0.003 -88"><span class='ocrx_word' id='word_1_187' title='bbox 246 3321 249 3455; x_wconf 67' lang='lat' dir='ltr'><strong>p</strong></span> <span class='ocrx_word' id='word_1_188' title='bbox 369 3304 449 3368; x_wconf 87' lang='lat' dir='ltr'><strong>Urbe</strong></span> <span class='ocrx_word' id='word_1_189' title='bbox 470 3322 525 3367; x_wconf 88' lang='lat' dir='ltr'><strong>sua</strong></span> <span class='ocrx_word' id='word_1_190' title='bbox 546 3305 695 3384; x_wconf 87' lang='lat' dir='ltr'><strong>prohibet.</strong></span> <span class='ocrx_word' id='word_1_191' title='bbox 738 3305 843 3368; x_wconf 87' lang='lat' dir='ltr'><strong>Partes</strong></span> <span class='ocrx_word' id='word_1_192' title='bbox 866 3306 1037 3381; x_wconf 81' lang='lat' dir='ltr'><strong>dominatur</strong></span> <span class='ocrx_word' id='word_1_193' title='bbox 1058 3307 1089 3369; x_wconf 94' lang='lat' dir='ltr'><strong>in</strong></span> <span class='ocrx_word' id='word_1_194' title='bbox 1113 3327 1218 3372; x_wconf 86' lang='lat' dir='ltr'><strong>omnes</strong></span> 
     </span>
     <span class='ocr_line' id='line_1_27' title="bbox 246 3413 1224 3495; baseline 0.003 -19"><span class='ocrx_word' id='word_1_195' title='bbox 246 3458 249 3476; x_wconf 61' lang='lat'><strong>,</strong></span> <span class='ocrx_word' id='word_1_196' title='bbox 304 3419 353 3472; x_wconf 72' lang='lat'><strong>12⁰</strong></span> <span class='ocrx_word' id='word_1_197' title='bbox 369 3413 442 3488; x_wconf 84' lang='lat' dir='ltr'><strong>iile,</strong></span> <span class='ocrx_word' id='word_1_198' title='bbox 466 3415 520 3477; x_wconf 89' lang='lat' dir='ltr'><strong>scd</strong></span> <span class='ocrx_word' id='word_1_199' title='bbox 541 3414 592 3476; x_wconf 89' lang='lat' dir='ltr'><strong>hic</strong></span> <span class='ocrx_word' id='word_1_200' title='bbox 613 3413 690 3492; x_wconf 77' lang='lat' dir='ltr'><strong>regit</strong></span> <span class='ocrx_word' id='word_1_201' title='bbox 712 3413 863 3495; x_wconf 79' lang='lat' dir='ltr'><strong>imperiis3</strong></span> <span class='ocrx_word' id='word_1_202' title='bbox 885 3415 958 3478; x_wconf 88' lang='lat' dir='ltr'><strong>urbs</strong></span> <span class='ocrx_word' id='word_1_203' title='bbox 980 3416 1061 3478; x_wconf 92' lang='lat' dir='ltr'><strong>iilius</strong></span> <span class='ocrx_word' id='word_1_204' title='bbox 1083 3415 1133 3479; x_wconf 91' lang='lat' dir='ltr'><strong>hic</strong></span> <span class='ocrx_word' id='word_1_205' title='bbox 1155 3425 1224 3492; x_wconf 86' lang='lat' dir='ltr'><strong>stat,</strong></span> 
     </span>
     <span class='ocr_line' id='line_1_28' title="bbox 247 3499 1217 3607; baseline 0.003 -20"><span class='ocrx_word' id='word_1_206' title='bbox 247 3499 250 3604; x_wconf 67' lang='lat' dir='ltr'><strong>d</strong></span> <span class='ocrx_word' id='word_1_207' title='bbox 370 3524 426 3587; x_wconf 84' lang='lat' dir='ltr'><strong>Hic</strong></span> <span class='ocrx_word' id='word_1_208' title='bbox 447 3523 507 3587; x_wconf 78' lang='lat' dir='ltr'><strong>rita</strong></span> <span class='ocrx_word' id='word_1_209' title='bbox 529 3531 576 3586; x_wconf 87' lang='lat' dir='ltr'><strong>est</strong></span> <span class='ocrx_word' id='word_1_210' title='bbox 597 3521 702 3585; x_wconf 86' lang='lat' dir='ltr'><strong>sedes:</strong></span> <span class='ocrx_word' id='word_1_211' title='bbox 727 3523 752 3586; x_wconf 93' lang='lat'>0</span> <span class='ocrx_word' id='word_1_212' title='bbox 776 3531 881 3605; x_wconf 85' lang='lat' dir='ltr'><strong>terque</strong></span> <span class='ocrx_word' id='word_1_213' title='bbox 904 3533 1068 3607; x_wconf 86' lang='lat' dir='ltr'><strong>quaterque</strong></span> <span class='ocrx_word' id='word_1_214' title='bbox 1089 3527 1217 3601; x_wconf 90' lang='lat' dir='ltr'><strong>beatum,</strong></span> 
     </span>
     <span class='ocr_line' id='line_1_29' title="bbox 247 3625 1486 3723; baseline 0.007 -29"><span class='ocrx_word' id='word_1_215' title='bbox 247 3625 250 3723; x_wconf 71' lang='lat' dir='ltr'><strong>i</strong></span> <span class='ocrx_word' id='word_1_216' title='bbox 372 3634 470 3708; x_wconf 87' lang='lat' dir='ltr'><strong>Quem</strong></span> <span class='ocrx_word' id='word_1_217' title='bbox 491 3633 563 3712; x_wconf 80' lang='lat' dir='ltr'><strong>tegit</strong></span> <span class='ocrx_word' id='word_1_218' title='bbox 584 3631 649 3695; x_wconf 88' lang='lat' dir='ltr'><strong>iiie!</strong></span> <span class='ocrx_word' id='word_1_219' title='bbox 672 3665 715 3678; x_wconf 89' lang='lat'><em>-</em></span> <span class='ocrx_word' id='word_1_220' title='bbox 735 3634 774 3696; x_wconf 77' lang='lat' dir='ltr'><strong>At</strong></span> <span class='ocrx_word' id='word_1_221' title='bbox 795 3652 867 3712; x_wconf 76' lang='lat' dir='ltr'><strong>ego:</strong></span> <span class='ocrx_word' id='word_1_222' title='bbox 890 3635 949 3697; x_wconf 88' lang='lat' dir='ltr'><strong>Per</strong></span> <span class='ocrx_word' id='word_1_223' title='bbox 970 3655 1095 3710; x_wconf 86' lang='lat' dir='ltr'><strong>numen,</strong></span> <span class='ocrx_word' id='word_1_224' title='bbox 1118 3647 1148 3701; x_wconf 89' lang='lat' dir='ltr'><strong>te</strong></span> <span class='ocrx_word' id='word_1_225' title='bbox 1170 3655 1293 3719; x_wconf 88' lang='lat' dir='ltr'><strong>precor,</strong></span> <span class='ocrx_word' id='word_1_226' title='bbox 1317 3638 1406 3714; x_wconf 87' lang='lat' dir='ltr'><strong>istud,</strong></span> <span class='ocrx_word' id='word_1_227' title='bbox 1483 3634 1486 3655; x_wconf 83' lang='lat'><em>¹</em></span> 
     </span>
     <span class='ocr_line' id='line_1_30' title="bbox 248 3728 1131 3847; baseline 0.006 -43"><span class='ocrx_word' id='word_1_228' title='bbox 248 3728 251 3847; x_wconf 51' lang='lat' dir='ltr'><strong>p</strong></span> <span class='ocrx_word' id='word_1_229' title='bbox 374 3742 461 3816; x_wconf 82' lang='lat' dir='ltr'><strong>Quod</strong></span> <span class='ocrx_word' id='word_1_230' title='bbox 485 3750 516 3804; x_wconf 94' lang='lat' dir='ltr'><strong>tu</strong></span> <span class='ocrx_word' id='word_1_231' title='bbox 538 3761 598 3805; x_wconf 92' lang='lat' dir='ltr'><strong>non</strong></span> <span class='ocrx_word' id='word_1_232' title='bbox 621 3743 719 3818; x_wconf 87' lang='lat' dir='ltr'><strong>nosti,</strong></span> <span class='ocrx_word' id='word_1_233' title='bbox 742 3752 842 3817; x_wconf 84' lang='lat' dir='ltr'><strong>rates,</strong></span> <span class='ocrx_word' id='word_1_234' title='bbox 865 3745 903 3806; x_wconf 91' lang='lat' dir='ltr'><strong>da</strong></span> <span class='ocrx_word' id='word_1_235' title='bbox 925 3745 1050 3808; x_wconf 85' lang='lat' dir='ltr'><strong>eradere</strong></span> <span class='ocrx_word' id='word_1_236' title='bbox 1071 3745 1131 3810; x_wconf 85' lang='lat' dir='ltr'><strong>talc</strong></span> 
     </span>
     <span class='ocr_line' id='line_1_31' title="bbox 372 3851 1209 3934; baseline 0.005 -19"><span class='ocrx_word' id='word_1_237' title='bbox 372 3851 569 3934; x_wconf 70' lang='lat' dir='ltr'><strong>deteriusque</strong></span> <span class='ocrx_word' id='word_1_238' title='bbox 590 3853 709 3917; x_wconf 89' lang='lat' dir='ltr'><strong>malum.</strong></span> <span class='ocrx_word' id='word_1_239' title='bbox 752 3853 825 3915; x_wconf 84' lang='lat' dir='ltr'><strong>ttthi</strong></span> <span class='ocrx_word' id='word_1_240' title='bbox 846 3872 903 3916; x_wconf 90' lang='lat' dir='ltr'><strong>nec</strong></span> <span class='ocrx_word' id='word_1_241' title='bbox 924 3854 983 3916; x_wconf 86' lang='lat' dir='ltr'><strong>dux</strong></span> <span class='ocrx_word' id='word_1_242' title='bbox 1005 3875 1073 3919; x_wconf 87' lang='lat' dir='ltr'><strong>esse</strong></span> <span class='ocrx_word' id='word_1_243' title='bbox 1094 3875 1209 3931; x_wconf 87' lang='lat' dir='ltr'><strong>recusa,</strong></span> 
     </span>
     <span class='ocr_line' id='line_1_32' title="bbox 306 3957 1182 4040; baseline 0.008 -17"><span class='ocrx_word' id='word_1_244' title='bbox 306 3957 441 4036; x_wconf 75' lang='lat' dir='ltr'><strong>12⁵an</strong></span> <span class='ocrx_word' id='word_1_245' title='bbox 464 3963 553 4024; x_wconf 90' lang='lat' dir='ltr'><strong>modo</strong></span> <span class='ocrx_word' id='word_1_246' title='bbox 576 3960 692 4037; x_wconf 84' lang='lat' dir='ltr'><strong>dixisti,</strong></span> <span class='ocrx_word' id='word_1_247' title='bbox 715 3964 761 4026; x_wconf 88' lang='lat' dir='ltr'><strong>sio</strong></span> <span class='ocrx_word' id='word_1_248' title='bbox 782 3973 815 4026; x_wconf 90' lang='lat' dir='ltr'><strong>ut</strong></span> <span class='ocrx_word' id='word_1_249' title='bbox 836 3963 930 4028; x_wconf 82' lang='lat' dir='ltr'><strong>Pnrar</strong></span> <span class='ocrx_word' id='word_1_250' title='bbox 953 3965 1030 4028; x_wconf 87' lang='lat' dir='ltr'><strong>ostia</strong></span> <span class='ocrx_word' id='word_1_251' title='bbox 1052 3985 1182 4040; x_wconf 89' lang='lat' dir='ltr'><strong>cernam,</strong></span> 
     </span>
     <span class='ocr_line' id='line_1_33' title="bbox 373 4071 1126 4152; baseline 0.004 -18"><span class='ocrx_word' id='word_1_252' title='bbox 373 4073 411 4134; x_wconf 83' lang='lat' dir='ltr'><strong>Et</strong></span> <span class='ocrx_word' id='word_1_253' title='bbox 432 4089 509 4152; x_wconf 86' lang='lat' dir='ltr'><strong>ques</strong></span> <span class='ocrx_word' id='word_1_254' title='bbox 530 4071 596 4152; x_wconf 87' lang='lat' dir='ltr'><strong>ipse</strong></span> <span class='ocrx_word' id='word_1_255' title='bbox 619 4071 694 4134; x_wconf 82' lang='lat' dir='ltr'><strong>tacis</strong></span> <span class='ocrx_word' id='word_1_256' title='bbox 717 4081 798 4135; x_wconf 92' lang='lat' dir='ltr'><strong>tanto</strong></span> <span class='ocrx_word' id='word_1_257' title='bbox 820 4091 958 4136; x_wconf 90' lang='lat' dir='ltr'><strong>moerore</strong></span> <span class='ocrx_word' id='word_1_258' title='bbox 980 4073 1126 4138; x_wconf 85' lang='lat' dir='ltr'><strong>dolentes.</strong></span> 
     </span>
     <span class='ocr_line' id='line_1_34' title="bbox 251 4180 1245 4264; baseline 0.004 -21"><span class='ocrx_word' id='word_1_259' title='bbox 251 4180 254 4197; x_wconf 85' lang='lat'><strong>¹</strong></span> <span class='ocrx_word' id='word_1_260' title='bbox 373 4181 450 4244; x_wconf 80' lang='lat' dir='ltr'><strong>nnn</strong></span> <span class='ocrx_word' id='word_1_261' title='bbox 472 4181 569 4262; x_wconf 87' lang='lat' dir='ltr'><strong>praeit</strong></span> <span class='ocrx_word' id='word_1_262' title='bbox 590 4181 648 4254; x_wconf 88' lang='lat' dir='ltr'><strong>itio,</strong></span> <span class='ocrx_word' id='word_1_263' title='bbox 671 4199 726 4261; x_wconf 78' lang='lat' dir='ltr'><strong>ego</strong></span> <span class='ocrx_word' id='word_1_264' title='bbox 748 4199 827 4262; x_wconf 85' lang='lat' dir='ltr'><strong>pone</strong></span> <span class='ocrx_word' id='word_1_265' title='bbox 850 4201 979 4264; x_wconf 83' lang='lat' dir='ltr'><strong>sequens</strong></span> <span class='ocrx_word' id='word_1_266' title='bbox 1001 4185 1126 4264; x_wconf 74' lang='lat' dir='ltr'><strong>vestigia</strong></span> <span class='ocrx_word' id='word_1_267' title='bbox 1147 4203 1245 4249; x_wconf 78' lang='lat' dir='ltr'><strong>servo.</strong></span> 
     </span>
    </p>
   </div>
   <div class='ocr_carea' id='block_1_3' title="bbox 0 0 1562 5162">
    <p class='ocr_par' dir='ltr' id='par_1_3' title="bbox 0 0 1562 5162">
     <span class='ocr_line' id='line_1_35' title="bbox 0 0 1562 5162; baseline 0 1"><span class='ocrx_word' id='word_1_268' title='bbox 0 0 1562 5162; x_wconf 95' lang='lat' dir='ltr'><strong> </strong></span> 
     </span>
    </p>
   </div>
  </div>
 </body>
</html>
