3124 5170
72 413 683 485 r--—--

71 524 73 542 Ι
558 471 752 526 tnnnnaonnn
770 475 807 525 rt

70 556 74 688 Ι
135 704 166 757 rt
182 691 241 754 Cur
261 691 346 772 ipsas
369 688 476 754 verat?
496 725 538 736 -
560 693 645 754 Tunc
667 692 693 754 is
715 693 788 755 mibi
812 693 881 755 taiia
902 694 1015 757 reddit:

69 790 72 876 i
182 801 240 864 Cur
260 810 381 881 praeter
402 800 523 864 solitum
545 801 655 864 deliras
676 811 798 882 pectore
820 801 908 865 toto?

68 931 72 994 3
180 909 263 972 biens
287 929 346 990 quo
369 907 466 972 abiit?
487 911 564 972 Num
585 918 615 973 te
638 911 770 990 irtgiunt,
793 921 843 974 tna
866 932 941 993 quae
963 915 1061 977 ethica
1084 925 1198 990 tractat,

69 1001 72 1027 ’
180 1019 353 1100 Verbaque,
375 1020 427 1082 ubi
450 1021 549 1099 signat
569 1021 675 1101 triplex
698 1039 792 1100 genus
815 1022 1012 1102 ingeniorum,
1090 1017 1093 1024 “

68 1145 72 1221 3
182 1129 407 1221 Quae-eoelum
430 1129 510 1192 baud
531 1130 658 1212 patitur:
683 1131 858 1194 suadentum
882 1132 1057 1208 inhonesta,
1080 1143 1217 1200 mentum

68 1254 71 1299 t
133 1247 164 1302 tt
179 1238 212 1300 ln
234 1239 382 1302 Venerem
404 1249 455 1302 aut
477 1241 508 1303 in
530 1239 710 1321 nequitiam,
732 1241 929 1322 insanumque
952 1244 1082 1307 furorem

67 1360 70 1457 i
178 1347 261 1411 bione
283 1346 388 1412 ferae?
409 1349 505 1430 thue
527 1351 590 1412 Dec
612 1350 711 1412 minus
733 1360 780 1412 est
801 1351 910 1433 injuria
931 1371 1078 1434 praeceps

67 1534 70 1559 Ι
178 1458 213 1522 ln
234 1459 381 1522 Venerem
403 1459 519 1535 rabies,
542 1461 674 1541 speciem
697 1461 884 1542 acquiritque
905 1461 1051 1525 minorem

67 1562 70 1641 ἶ
179 1565 368 1650 Opprobrii?
388 1569 441 1632 ilia
463 1569 519 1632 tibi
541 1570 568 1632 si
590 1571 693 1632 haeret
714 1571 876 1645 sententia,
900 1579 931 1634 et
951 1572 1032 1634 illam

68 1660 71 1675 ι
178 1679 211 1741 si
232 1678 311 1741 bene
333 1679 513 1760 perpendis,
536 1681 662 1743 memori
686 1690 716 1742 et
736 1681 762 1742 si
785 1689 884 1744 ments
906 1701 1056 1756 recenses,

68 1772 71 1871 Ι
130 1797 162 1852 85
179 1787 363 1869 Respondit,
386 1790 436 1870 qui
460 1789 522 1852 sint
543 1799 623 1852 extra
647 1791 750 1853 urbem
773 1792 889 1854 solvere
908 1793 988 1873 J'ussi

68 1894 71 1958 Ι
177 1898 312 1972 Poenas,
334 1911 397 1960 tum
418 1899 495 1962 bene
517 1915 697 1978 cognosces,
721 1919 797 1980 quae
819 1910 939 1983 separet
961 1902 1028 1965 ilias

68 1959 71 2101 d
178 2007 292 2071 Caussa
314 2025 402 2088 grege
425 2029 441 2071 a
464 2027 554 2089 pravo
577 2010 718 2086 istorum,
742 2019 772 2074 et
793 2030 846 2073 cnr
866 2009 964 2073 lenius
985 2011 1066 2074 iiiam

68 2106 72 2135 ⁵
177 2117 336 2181 Excruciet
357 2130 474 2198 gentem
493 2120 585 2200 J'uder
606 2130 746 2200 regnator
768 2121 896 2201 Olympi.

69 2163 72 2259 Ι
222 2227 247 2291 0
271 2227 331 2303 sni,
355 2229 406 2310 qui
428 2229 565 2292 morbum
587 2230 696 2292 turbati
718 2230 839 2293 luminis
862 2249 980 2292 omnem

69 2334 72 2381 Ι
130 2342 163 2394 tt
179 2339 291 2410 Sanas,
315 2339 360 2400 sic
382 2339 512 2400 animum
535 2340 666 2420 comple,
690 2339 825 2421 quaesita
847 2341 1010 2414 resolvens,

68 2466 71 2520 t
178 2449 218 2512 Ut
238 2447 312 2510 mibi
334 2467 395 2510 non
417 2467 505 2511 secus
527 2450 694 2530 ambigere,
718 2469 753 2512 ac
775 2449 951 2529 dignoscere
973 2469 1030 2532 per
1049 2470 1099 2513 me

67 2548 71 2625 i
179 2559 227 2622 Sit
241 2559 364 2640 ‘volupe
408 2562 445 2623 dt
466 2567 547 2622 retro
569 2579 688 2641 quoque
710 2579 789 2622 nunc
810 2569 839 2623 te
861 2567 942 2623 verte
962 2579 1132 2642 parumper,

67 2680 70 2697 '
179 2668 260 2744 uixi,
284 2669 355 2730 iiiuc
377 2669 513 2744 rediens,
537 2669 587 2732 ubi
610 2670 687 2732 dicis
711 2671 816 2732 idenus
839 2689 971 2734 amorem

178 2779 312 2842 Laedere
334 2778 482 2854 divinum,
505 2780 676 2860 nodumque
697 2781 823 2844 resolve.
866 2781 959 2844 Poeta

67 2935 70 2949 .
129 2904 161 2958 aa
179 2887 245 2951 Sic:
269 2890 476 2952 Attendentem
499 2890 625 2970 sophiae
648 2890 783 2952 doctrina
806 2891 927 2953 docebit

177 2999 294 3060 Passim
317 3019 333 3060 a
356 3007 456 3062 mente
477 3017 563 3061 suum
585 3006 720 3062 naturam
743 3000 852 3064 ducere
874 3019 994 3064 cmsum

177 3108 302 3182 Divina,
324 3117 388 3170 tum
410 3117 441 3172 et
462 3109 499 3170 ab
522 3118 585 3172 arte
607 3129 671 3172 sua.
713 3111 795 3173 Rene
817 3111 903 3191 sique
924 3111 1075 3184 notabis,

65 3248 68 3301 p
179 3219 264 3293 Quae
285 3217 340 3281 tibi
362 3219 532 3282 Aristotelis
553 3219 687 3301 pbysicis
710 3221 879 3294 traduntur,
902 3231 933 3283 et
953 3221 1010 3283 ista

65 3310 69 3393 ἶ
178 3327 212 3393 Si
232 3329 310 3392 bene
331 3328 514 3410 perspicias,
537 3329 645 3393 mulus
668 3331 802 3393 evolvere
824 3330 942 3392 chartas

66 3462 68 3471 ¹
115 3457 162 3512 ιω
177 3437 245 3500 Non
267 3439 337 3511 erit,
360 3439 569 3520 inveniesque,
593 3459 697 3502 omnes
719 3441 900 3504 contendere
921 3439 1001 3502 vires

65 3564 68 3665 p
178 3549 314 3611 Vestram
336 3555 443 3622 aneni,
467 3557 500 3611 ut
520 3568 589 3612 sese
611 3558 734 3612 naturae
757 3550 978 3624 accommodet,
1001 3548 1082 3611 illam

65 3696 68 3727 ι
178 3659 279 3738 Usque
301 3659 401 3740 sequi,
424 3679 440 3721 a
464 3667 617 3722 veterent
638 3660 784 3722 discentis
806 3678 876 3722 cura
898 3659 1040 3739 magistro

65 3740 68 3805 ἶ
177 3769 335 3849 Nunquam
357 3769 532 3850 digreditur.
576 3770 674 3844 Quare
697 3779 744 3832 est
765 3789 814 3832 ars
836 3781 934 3832 vestra
955 3770 1086 3850 putanda

64 3860 67 3953 !
176 3879 278 3942 Paene
300 3878 351 3942 Dei
374 3879 483 3960 neptis.
527 3880 621 3941 Porro
643 3898 698 3960 per
718 3891 873 3961 utramque
895 3897 1019 3942 necesse
1041 3889 1088 3942 est

64 3956 67 4083 J
114 3996 160 4049 tot
176 3989 289 4070 (Usque
312 4008 328 4050 a
350 3987 501 4070 principio
524 3989 654 4052 Genesin
676 3989 703 4052 si
724 3999 825 4053 mente
844 3989 994 4068 revolvis),

64 4140 67 4165 .
176 4099 288 4160 Aevom
312 4115 398 4178 agere
420 4108 509 4180 atque
531 4099 640 4180 opibus
661 4111 789 4163 vestram
813 4100 961 4163 ditescere
983 4108 1110 4178 gentem.

63 4176 67 4263 i
177 4207 215 4270 Et
236 4208 306 4291 quia
329 4209 379 4290 qni
402 4209 512 4271 crescit
532 4208 641 4291 positis
663 4209 694 4272 in
717 4210 840 4274 foenore
862 4209 1001 4283 nummis,

63 4274 67 4389 ἶ
176 4317 333 4381 biremem
354 4319 476 4381 molitus
498 4319 571 4393 iter,
593 4328 787 4400 praepostera
810 4329 918 4402 captat,

62 4400 66 4529 Ι
176 4426 234 4490 Per
255 4447 289 4491 se
310 4435 446 4491 naturam
468 4429 598 4511 spernit,
620 4449 733 4510 perque
756 4431 820 4514 ejus
842 4432 1000 4500 alumnam,
1062 4517 1066 4528 ¹

62 4532 66 4563 Ι

63 4600 674 4640 ι----.-......---..-..--..-..
