3142 5166
109 554 112 603 l

112 387 767 498 Ἳθωῐ
784 447 833 498 xtl.
1127 397 1329 728 “U

208 663 373 742 Praegrave
395 679 473 724 enus
495 669 592 726 terrae
615 662 653 725 ob
675 664 769 744 lngus
790 664 915 728 mortale
934 667 1098 747 jacentem

107 830 109 847 ,
162 781 192 836 25
207 771 272 834 viu
295 772 480 834 Trunnaeuu
501 770 691 851 uirosique
713 781 743 834 et
763 773 900 836 Pannona
923 775 954 838 iu
976 780 1067 842 aunis
1324 729 1328 902 1

37 875 39 958 l
205 882 331 944 Fervere
353 880 451 944 adbuc
469 881 551 962 Juxta
572 889 701 963 patrem,
724 890 754 944 et
775 882 910 964 dispersa
934 886 1086 950 Grosrrruu

204 991 336 1054 Membra
358 991 571 1071 inspectantes.
615 992 800 1054 Nnuenonuu
821 1011 917 1073 paene
939 993 1045 1060 umore

34 1049 38 1158 i
205 1101 386 1182 Torpentem
407 1119 503 1182 prope
526 1118 602 1182 opus
624 1118 778 1180 magnum,
802 1110 965 1184 gentesque
986 1107 1122 1170 videbam

33 1221 34 1230 ¹
204 1211 367 1292 Respicere
387 1228 447 1272 una
470 1227 592 1285 omnes3
615 1229 690 1290 qsrae
712 1219 795 1273 tanto
817 1213 950 1276 Sennaar
971 1233 1028 1278 uua

158 1321 385 1383 solliscuerant
405 1320 492 1384 tastu.
537 1320 634 1393 Quam
656 1319 760 1382 oculos
782 1320 895 1402 dejecta
917 1323 1063 1399 dolentes,
1321 1288 1325 1442 f

202 1431 285 1493 luter
304 1428 354 1491 bis
376 1436 491 1511 septem
513 1436 679 1509 prostratos
701 1429 806 1492 funere
827 1439 921 1506 natos,

101 1600 104 1631 Ι
202 1540 236 1603 ln
258 1537 357 1602 media
378 1539 539 1620 spectanda
562 1540 608 1601 ria
630 1537 686 1600 sub
708 1538 836 1617 imagine
857 1543 935 1615 licta,
1320 1443 1324 1661 Ι

101 1636 104 1701 Ι
202 1648 363 1723 0Nroes,
386 1647 500 1711 stabas!
546 1647 681 1729 Oquam
704 1648 830 1711 similem
853 1669 925 1714 ense
949 1657 1045 1716 necati
1320 1668 1323 1750 p

100 1716 103 1789 i
203 1758 264 1824 Sub
286 1759 492 1840 propriuvidi
514 1766 553 1831 tc,
576 1757 665 1830 Sane,
688 1759 881 1838 superedita
904 1765 1014 1826 montis
1319 1751 1323 1845 1

98 1836 102 1967 j
154 1874 185 1928 ⁸5
203 1869 358 1942 Groneia,
382 1887 472 1948 quem
494 1867 562 1929 exin
584 1865 700 1930 coelum
721 1887 778 1930 nec
799 1887 868 1931 rore
890 1889 946 1934 nee
969 1872 1063 1938 imbre
1319 1848 1323 1894 ¹

98 1972 100 1997 ¹
200 1977 293 2041 iuvit!
337 1977 375 2042 Ut
396 1977 503 2039 insane
527 1983 554 2039 te
576 1977 669 2050 lustu,
690 1978 806 2058 perdite
828 1979 979 2054 Auienus,

199 2089 357 2152 Dimidiam
378 2087 410 2149 in
431 2103 563 2148 vermem
581 2085 644 2167 jam
665 2087 841 2162 defluxisse,
865 2090 968 2170 tuique
1317 1897 1323 2222 ¹

199 2199 329 2260 Tristem
352 2196 524 2276 fragmentis
546 2197 664 2276 operis,
686 2196 740 2258 tibi
763 2198 842 2277 quod
864 2199 940 2261 male
963 2203 1061 2275 cessit,
1316 2225 1321 2319 p

198 2304 390 2371 Incubuisse!
412 2305 516 2385 Neque
538 2305 587 2368 bie
609 2313 658 2368 tua
676 2306 738 2387 jam
760 2305 865 2368 vexilla
888 2309 1023 2372 videntur

93 2428 96 2480 t
150 2424 183 2478 to
197 2417 385 2499 Explicuisse
408 2415 512 2488 minas,
535 2413 677 2490 Roneis,
700 2416 754 2479 sed
775 2417 863 2498 plena
884 2418 1009 2492 timoris,

197 2529 272 2590 Ante
295 2545 329 2590 ea
352 2545 441 2606 quam
462 2523 576 2606 pellant
596 2525 709 2600 bootes,
731 2526 812 2589 vehit
834 2527 923 2590 incita
945 2528 1069 2592 habenis

198 2637 345 2701 lmmissis
366 2635 471 2699 levitas
493 2651 609 2697 currus.
652 2634 690 2697 Et
711 2643 774 2698 erat
796 2655 914 2718 quoque
935 2615 1018 2700 buris

90 2694 95 2779 i
197 2748 350 2828 Inspicere
372 2745 403 2807 in
425 2744 526 2806 stratis
549 2749 738 2818 nuculeum,
763 2744 813 2826 qui
835 2747 1000 2827 pretiosum

196 2856 351 2920 Persuasit
371 2854 458 2917 matri
481 2853 582 2917 infelix
603 2855 721 2917 venisse
741 2855 863 2918 monile.

149 2973 180 3028 u
238 2967 302 3030 Nec
323 2984 383 3028 non
405 2973 438 3026 ut
458 2964 519 3026 uati
541 2963 685 3044 templum
706 2965 841 3046 irrupere
862 2975 983 3028 mentes

196 3078 447 3140 Sennacuenmuu
470 3080 583 3149 contra,
606 3073 796 3155 lacerumque
818 3075 945 3138 cadaver

195 3187 362 3250 Deseruere
385 3183 456 3257 illic¹
480 3184 585 3246 doctus
607 3193 822 3246 monstraverat
843 3193 962 3260 auetor;

198 3297 237 3358 Et
259 3302 402 3377 quantum
424 3293 558 3356 intulerit
579 3292 658 3354 Cvno
680 3294 783 3371 regina
806 3293 934 3356 Tournrs

84 3385 89 3515 J
197 3405 297 3468 Cladis
320 3403 512 3482 sanguineae,
535 3403 615 3466 Satia
638 3411 667 3466 tc
689 3403 842 3482 sanguine,
870 3403 985 3478 dicens,

85 3528 112 3600 l⁸
148 3521 180 3575 lt
195 3515 287 3596 Cujus
309 3533 377 3577 eras
399 3511 519 3576 sitiens!
541 3546 584 3558 ·-
605 3513 671 3586 Hie,
693 3513 897 3576 Houoennnnn
919 3527 1084 3598 perempto,

195 3624 292 3705 Terga
319 3624 405 3703 fugae
426 3624 566 3704 Assyrios
587 3622 701 3697 dantes,
724 3624 896 3705 pariterque
917 3626 1021 3688 ruinae

195 3734 312 3797 Tristes
334 3733 475 3813 reliquias
498 3731 669 3814 spectabam
691 3741 722 3795 et
743 3751 903 3815 corporum
926 3727 1059 3797 acervos'.

196 3842 380 3906 Conversum
402 3843 432 3905 in
455 3843 573 3906 eineres
595 3851 666 3905 tnnc
688 3843 764 3906 llion
787 3844 877 3924 inque
900 3861 1041 3907 cavernas

196 3951 371 4026 timebam,
393 3964 485 4032 utque
506 3952 648 4015 humilem
670 3971 705 4016 ao
725 3953 812 4016 vilem
836 3961 874 4027 le,
897 3953 998 4035 Troia,
1021 3955 1148 4028 toronos.

146 4062 319 4139 assignem
342 4061 529 4138 ostendebat,
552 4062 632 4144 quud
654 4069 739 4144 parte
760 4061 894 4126 exstabat
915 4063 945 4125 in
967 4063 1028 4126 illa.

194 4171 360 4246 Quemnam
382 4171 512 4254 peniculi
533 4179 625 4252 atque
646 4171 713 4252 styli
735 4191 803 4235 rear
823 4191 891 4235 esse
913 4174 1095 4251 magistrum,

192 4280 319 4345 Umbras
341 4283 392 4364 qui
414 4282 511 4346 valeat
530 4289 704 4362 nactusque
726 4283 877 4361 effingere,
901 4281 1005 4363 quales
1089 4352 1094 4364 Ι

72 4340 78 4511 1
192 4391 350 4467 subtili,
372 4391 506 4455 miranda
528 4392 648 4472 ingenio
670 4392 873 4473 pertentaret
898 4390 982 4453 acri?
1308 4292 1313 4573 Ι
1392 4385 1397 4395 “

71 4548 1311 4608 μ--ψ-ῌψψ-,Ἀ-ἪᾸ

1390 4959 1523 5146 n
