3124 5170
743 459 936 510 tununnenuu
954 459 1018 510 XXX.

384 677 550 756 intentique
572 695 689 755 gravem
710 677 883 757 perpendite
905 683 1003 737 mente
1025 675 1158 753 magistri

383 789 478 848 duaru
501 786 621 848 luctum.
664 787 735 848 Mihi
756 786 821 848 viro
844 783 921 848 haud
944 784 1037 846 defuit
1057 785 1116 846 ulia

384 895 474 975 Cepia
496 897 646 975 puseenti3
669 893 744 958 beu!
768 911 847 956 nune
868 893 1003 973 lymphae
1026 901 1104 972 gutta
1126 894 1172 956 vei
1195 914 1264 968 una,

382 1005 444 1066 Una
467 1005 563 1066 estin
586 1005 672 1066 votis.
718 1005 797 1076 ssiri,
821 1003 870 1084 qui
892 1001 1043 1064 montibus
1067 1003 1128 1080 agri

334 1119 366 1170 de
384 1114 495 1177 Clusini
517 1124 638 1193 argento
661 1114 775 1176 similes
797 1113 935 1176 labuntur
957 1111 987 1173 in
1009 1113 1129 1184 Arnum,

384 1224 507 1303 Quaque
530 1224 586 1285 iter
607 1223 778 1292 intendunt,
802 1229 934 1284 saturant
955 1220 1020 1281 luca
1042 1228 1146 1281 cuneta
1167 1219 1283 1299 liquore

381 1332 552 1410 Frigidum,
576 1341 642 1394 ante
665 1330 784 1403 oeulos,
807 1349 863 1392 nec
886 1331 1010 1400 trustra,
1035 1347 1135 1390 errare
1157 1330 1309 1404 ridentur3

382 1441 455 1503 Nam
477 1461 524 1502 me
546 1441 631 1502 dulce
654 1442 750 1502 fluens
772 1441 878 1501 berum
900 1438 967 1518 plus
990 1439 1082 1500 siccat
1102 1438 1207 1516 image,

384 1551 493 1624 Quam,
517 1551 567 1630 qui
589 1551 633 1612 sic
654 1550 748 1612 macie
771 1549 881 1610 ruitum
904 1548 1089 1628 depascitur,
1114 1565 1229 1626 aegror.

333 1667 366 1719 tta
384 1660 467 1733 Quae
489 1677 536 1720 nte
555 1659 687 1740 iustitiae
710 1659 754 1718 sie
777 1657 910 1720 contudit
932 1657 976 1718 ira
998 1675 1128 1728 severae,

384 1769 551 1840 indemni,
574 1769 713 1831 infamem
736 1767 814 1846 turpi
837 1785 926 1846 quem
947 1766 1069 1828 erimine
1091 1765 1158 1838 ieci,

383 1877 509 1940 Deduxit
531 1893 681 1950 caussam,
705 1896 763 1956 qua
785 1875 852 1955 plus
876 1875 947 1938 mibi
971 1875 1061 1936 eorde
1083 1876 1255 1954 trequentes

383 1987 534 2066 Exprimat
555 2005 591 2048 ex
611 1990 726 2048 moestu
749 1985 884 2065 gemitus.
926 1984 1061 2046 Rursum
1085 1992 1162 2046 terra
1184 1993 1230 2046 est

383 2097 477 2170 Haec,
499 2095 551 2158 ubi
572 2104 714 2186 eorrupto
736 2113 873 2158 numnam
896 2094 964 2156 eudi
986 2110 1054 2156 aere
1077 2101 1192 2155 nautes

334 2214 367 2266 7⁰
383 2207 531 2286 baptistae
554 2205 669 2284 effigie;
691 2223 782 2285 quare
804 2204 935 2266 membra
957 2211 1022 2266 usta
1035 2201 1160 2281 neiiqui.

425 2318 463 2378 nt
482 2316 554 2377 milri
577 2316 603 2376 si
626 2332 725 2377 euram
747 2333 835 2394 prava
856 2312 960 2376 umbra
981 2313 1106 2374 ridenda
1128 2312 1256 2386 daretur,

387 2425 439 2486 Vei
463 2424 634 2497 Gu1n1‚rei
657 2425 844 2497 daexannnr,
868 2423 913 2484 rel
935 2422 1033 2484 fratris
1055 2421 1181 2500 utrique,

384 2535 538 2614 Inspicere
559 2534 636 2596 hanc
657 2533 774 2595 mallem
797 2533 902 2604 satius,
927 2551 1015 2612 quarn
1037 2533 1118 2592 iente
1139 2533 1227 2610 potiri

384 2645 509 2706 andn.
552 2644 677 2722 Jamque
699 2661 757 2704 una
779 2642 858 2704 intus
880 2641 977 2714 adest,
1001 2642 1026 2702 si
1047 2659 1115 2702 vern
1136 2640 1299 2720 lequuntur

334 2769 366 2820 75
385 2752 512 2816 Umbrae
533 2761 615 2815 actae
637 2751 734 2812 rabie:
757 2752 878 2830 etquid
902 2751 957 2823 mi,
981 2751 1006 2812 si
1030 2751 1143 2813 vinciar
1164 2747 1267 2811 artus?

384 2863 416 2924 si
439 2862 543 2923 saitem
565 2861 638 2922 mihi
660 2877 768 2938 eorpus
791 2859 886 2922 adbue
907 2859 1031 2924 leuitatis
1054 2859 1175 2922 baberet

384 2971 523 3043 Tantum,
547 2979 592 3043 ut,
616 2969 686 3030 dum
707 2977 824 3030 vertunt
845 2967 970 3032 tabentia
992 2979 1124 3049 tempora
1146 2970 1287 3042 saeelum,

383 3081 479 3144 Unum
501 3078 546 3140 val
569 3079 691 3158 digitum
712 3077 839 3158 pedibus
861 3080 1023 3158 procedere
1045 3097 1175 3159 possem,
1486 3062 1490 3121 ἶ

384 3191 447 3251 Hoe
470 3208 565 3250 essem
583 3189 646 3269 jam
668 3190 820 3268 ingressus
843 3189 913 3260 iter,
938 3189 1058 3266 vestigia
1080 3206 1227 3267 quaerens
1487 3124 1490 3289 d

333 3312 367 3366 8⁰
383 3299 466 3361 lilius
488 3300 541 3360 bas
564 3299 641 3360 inter
662 3297 739 3376 vulgi
762 3299 883 3372 sorties3
906 3298 975 3358 lieet
997 3299 1051 3360 ista
1073 3299 1177 3360 latrina
1487 3306 1491 3415 q

384 3409 416 3470 in
439 3409 559 3486 lengum
580 3409 716 3470 undenus
739 3427 846 3487 passus
867 3427 922 3486 per
942 3406 1032 3470 miliia
1054 3409 1169 3480 duetus,
1488 3426 1491 3561 q

384 3518 421 3579 Et
441 3516 509 3596 plus
532 3537 620 3597 quam
641 3536 749 3597 passus
771 3518 948 3597 quingentos
970 3517 1026 3579 lata
1049 3525 1188 3597 patescat.

384 3626 546 3688 Collatiam
568 3627 645 3688 bane
667 3627 744 3686 inter
765 3627 838 3688 mihi
860 3635 975 3706 tempus
997 3626 1028 3688 iu
1050 3645 1137 3689 omne
1155 3626 1314 3706 jacendum
1338 3637 1385 3690 est

384 3735 446 3797 iios
468 3743 599 3815 prepter.
643 3736 774 3814 Namque
796 3735 827 3798 bi
850 3743 1008 3798 suasemnt
1030 3735 1139 3798 cudere
1161 3755 1308 3808 nummos,

335 3863 368 3919 85
387 3845 479 3918 Queis
501 3852 612 3906 taumrn
635 3843 756 3907 suberat
775 3845 855 3906 misti
877 3845 1075 3925 purgaminis,
1099 3853 1131 3907 ut
1151 3854 1212 3908 tres

385 3953 523 4016 Pondere
544 3954 720 4034 adaequaret
741 3955 873 4034 siliquas.
901 3991 933 4001 -
959 3955 1033 4016 Tum
1055 3954 1162 4018 talibus
1185 3974 1272 4018 ersus

388 4064 525 4138 Quaesivi
547 4082 679 4128 rursum:
704 4064 786 4137 Quae
808 4073 877 4128 sunt
898 4065 1064 4128 miseranda
1086 4067 1213 4128 duorum

386 4175 508 4253 Speetra
530 4175 619 4246 haee,
642 4191 717 4250 quae
741 4173 851 4235 fumant
872 4173 960 4236 veluti
984 4174 1039 4236 sub
1063 4175 1171 4254 frigere
1193 4175 1316 4238 brumae

385 4283 477 4346 Fonte
500 4291 626 4344 extracta
647 4301 767 4356 manua,
790 4282 842 4344 tibi
865 4283 997 4346 dexuum
1020 4287 1070 4364 qui
1092 4284 1168 4348 latus
1191 4293 1296 4364 urgent

252 4379 257 4396 '
334 4403 369 4456 tn
384 4393 543 4465 Prosunt,
563 4391 720 4472 junctique
743 4391 853 4454 simul?
877 4427 914 4438 ·-
939 4395 1005 4468 Quo
1027 4403 1162 4475 tempore
1185 4396 1214 4456 in
1237 4395 1317 4458 istud
