3136 5164
553 349 733 400 l‘lllleTOllll
758 349 847 400 xxxii.

204 569 290 642 Quod
313 569 396 648 prius
418 567 454 630 ad
478 576 612 630 truncum
628 567 751 646 gemina
773 567 836 628 lera
858 567 989 648 praedita
1011 571 1106 632 torma

97 662 100 743 l
203 678 349 738 Vinxerat
392 677 475 738 llanc
497 676 748 756 septemgeminae
770 676 888 738 cinxere
911 696 1021 740 corona

97 746 100 873 l
203 787 363 867 Nymphae,
386 806 458 868 prae
480 785 618 849 manibus
639 794 792 865 portantes
814 786 966 865 lampadas
988 787 1064 860 illas,

96 880 99 906 ¹
205 897 287 970 Quae
308 897 421 958 Boreae
443 904 531 976 atquc
552 895 652 958 Austri
675 913 798 958 securae
820 895 939 957 tlamina
962 907 1114 977 spernunt.

95 1068 98 1099 1
155 1017 187 1070 tu
245 1006 346 1068 lncola
368 1006 429 1068 eris
452 1005 543 1071 silvae
564 1005 615 1066 hio
637 1005 796 1076 modicum,
819 1005 885 1066 sine
907 1007 967 1067 bue
990 1007 1105 1070 tuturus

202 1118 318 1180 llecum
341 1115 424 1177 urbis
445 1115 556 1178 Romae
578 1114 660 1186 civis,
684 1135 741 1196 qua
764 1115 899 1178 Christus
921 1115 959 1177 ab
982 1115 1055 1178 urbe

203 1225 354 1288 llomanus
376 1225 436 1287 diei
456 1224 559 1286 voluit.
604 1223 702 1298 Quare
724 1224 845 1304 adspice
868 1242 995 1300 currum,

93 1308 96 1419 l
203 1335 240 1398 Ut
260 1334 360 1415 prosis
382 1334 503 1408 mundo,
526 1333 612 1415 cujus
634 1341 703 1394 sunt
724 1334 852 1413 pessima
875 1334 959 1408 lacta,

92 1422 96 1539 l
202 1445 298 1524 Atque
320 1445 413 1506 redux
434 1443 504 1506 illuc
525 1444 573 1506 lac
594 1442 708 1514 scribas
731 1444 830 1506 omnia
852 1444 924 1507 visa.

93 1541 96 1685 i
154 1561 186 1614 es
244 1553 339 1626 Dixit3
361 1571 417 1632 ego
440 1561 521 1616 totus
543 1552 681 1615 dominae
703 1552 837 1616 mandata
860 1562 980 1632 paratus

93 1698 96 1785 p
201 1662 341 1742 Fungier,
363 1673 394 1724 et
414 1672 543 1726 mentem
566 1670 654 1742 atque
677 1662 790 1735 oculos,
814 1682 872 1742 quo
891 1663 1022 1743 jusserat
1043 1663 1102 1736 illa,

93 1790 96 1901 p
203 1771 357 1835 contendi.
400 1772 558 1852 Nunquam
580 1781 663 1834 motu
685 1781 744 1835 mm
767 1780 906 1852 praepete
927 1773 1008 1834 venit

201 1883 282 1960 lgnis
305 1882 473 1944 condensae
495 1882 629 1954 nebulae,
652 1901 719 1944 curn
741 1882 853 1944 decidit
872 1881 922 1942 illa
1318 1869 1322 1928 l

202 1992 245 2054 Ex
266 1991 389 2071 regione
410 1992 515 2064 imber,
537 2010 613 2071 quae
636 1991 703 2071 plus
726 1991 836 2052 distare
857 1999 993 2072 putatur3

143 2103 187 2156 ¹⁰⁰
203 2102 240 2164 Ut
260 2101 320 2164 ridi
342 2103 373 2163 in
394 2101 524 2182 plantam
545 2101 695 2162 volucrem
715 2101 797 2162 lovis
818 2100 937 2162 aethere
959 2100 1083 2181 lapsum,

202 2211 306 2275 Flores
329 2219 513 2292 rumpentem
536 2217 625 2291 atque
646 2229 738 2272 novas
761 2227 828 2271 cum
849 2209 959 2272 cortice
982 2210 1113 2283 lrondes,

93 2279 97 2388 l
203 2322 263 2395 Qui
284 2322 395 2402 pariter
416 2329 477 2385 toto
499 2322 650 2402 percussit
669 2319 777 2382 robore
799 2338 927 2382 currum.

204 2432 303 2506 Quare
325 2431 374 2492 bio
395 2430 514 2503 nutavit,
538 2450 593 2494 ceu
615 2429 838 2509 tempestatibus
859 2437 924 2492 acta

201 2542 227 2603 Α
249 2542 349 2604 dextra
369 2541 511 2621 laevaque
533 2541 605 2602 ratis
627 2539 836 2627 superantibus
858 2539 956 2602 undis.

140 2663 185 2717 tot
245 2650 358 2714 Deinde
379 2650 565 2730 triumphalis
587 2649 647 2711 vidi
669 2669 702 2711 se
724 2648 881 2712 immittere
904 2648 989 2711 cunis

203 2762 369 2840 Quadrigas
390 2760 517 2842 vulpem,
539 2759 681 2822 membris
703 2758 880 2822 testantibus
902 2760 998 2840 ipsam

206 2873 298 2936 Pastu
320 2870 401 2932 omni
425 2869 558 2932 caruisse
579 2869 671 2931 bono.
717 2868 777 2932 Sed
801 2869 897 2948 turpia
919 2878 1036 2952 centum
1317 2791 1320 2990 Ι

202 2982 278 3044 lluic
300 2999 372 3044 ausa
394 2979 541 3062 objiciens
562 2979 669 3041 rnulier
689 2980 764 3042 lacta
786 2979 897 3042 arbitra
920 2979 1023 3053 nostri,
1316 2991 1319 3072 p

200 3091 268 3169 Egit
289 3090 492 3171 praecipitem,
514 3089 734 3170 fugientemque
751 3089 861 3169 impete
883 3096 972 3162 moto,
1315 3077 1319 3171 l

141 3213 185 3265 tto
202 3202 353 3274 Quantum
374 3201 452 3262 terre
474 3217 604 3279 unquam
626 3199 689 3260 sine
712 3216 782 3260 carn
796 3199 851 3260 bus
874 3218 943 3260 ossa
964 3196 1108 3260 valebant.
1316 3199 1319 3247 t

243 3311 319 3373 lleiu
342 3329 399 3390 qua
421 3329 457 3372 ex
478 3317 562 3389 parte
584 3309 668 3389 prius
690 3307 819 3370 volucris
842 3308 1008 3380 devenerat,
1033 3309 1129 3389 ipsun
1316 3254 1320 3430 ι

201 3421 267 3484 Vidi
290 3427 434 3483 secretam
457 3436 562 3480 currus
583 3417 765 3480 descendere
787 3419 818 3478 in
839 3437 946 3489 arcam,
1156 3413 1160 3422 “

201 3530 345 3611 Corporis
367 3538 454 3610 atque
476 3528 522 3590 sui
544 3529 678 3590 vestitam
701 3528 835 3606 linquere
857 3527 975 3606 pennis.

243 3641 281 3702 Et
302 3639 396 3720 qualis
418 3639 508 3702 corde
530 3656 689 3718 erumpens
709 3637 834 3715 lugubre
856 3636 975 3704 dolenti.

140 3757 184 3810 tto
201 3751 281 3812 llaec
303 3769 360 3811 rox
381 3749 469 3812 exirit
490 3748 591 3812 coelo:
613 3748 678 3810 llee
700 3747 843 3826 cymbula,
868 3765 993 3828 quartam

200 3862 298 3924 llerce
320 3866 442 3922 onerata
463 3858 540 3921 mele
562 3855 616 3920 esl
644 3889 686 3902 —
714 3857 785 3918 llilri
807 3856 915 3918 deiude
937 3857 1092 3920 dehiscere
1115 3859 1174 3920 visa
1198 3866 1244 3918 est
1317 3850 1319 3907 l

82 4030 85 4043 ,
200 3970 294 4033 'l'erra
315 3978 397 4031 rotas
419 3968 520 4032 ambas
544 3969 629 4040 inter,
651 3966 770 4046 vidique
792 3966 951 4030 draconem
1316 3942 1319 3973 ¹

200 4079 288 4144 Exire
310 4087 341 4142 et
361 4080 447 4142 luam
468 4097 524 4158 per
544 4095 663 4142 currum
685 4075 820 4140 attollere
842 4078 976 4150 caudam,
1188 4127 1192 4136 .

201 4189 269 4264 Qui,
292 4188 470 4250 retrahentis
493 4204 579 4250 acum
600 4207 708 4268 vespae
731 4187 767 4249 de
789 4206 882 4260 more,
906 4187 1061 4265 malignam

139 4304 184 4359 tte
201 4298 331 4362 caudam
354 4297 391 4361 ad
413 4316 447 4360 se
469 4297 567 4372 traxit,
589 4316 693 4363 currus
715 4305 888 4377 partemque
909 4295 1055 4360 revrrlsam
1315 4268 1319 4391 Ι
