3136 5164
565 385 747 437 runotrontt
765 387 831 438 ιιι
1199 381 1278 460 255¹

199 603 350 667 Fecerunt
370 603 497 666 decimo.
541 602 579 667 Ut
598 604 663 668 riu
685 604 764 666 inter
784 605 865 684 tigna
885 604 1047 686 trabesque

152 723 182 776 75
198 713 258 776 Per
278 713 402 776 dorsum
423 713 525 776 ltaliae
545 712 640 790 glaeie
663 714 712 775 nix
733 731 839 794 aspera
862 715 957 788 durat,

199 823 332 885 Flamina
355 841 424 884 oum
445 825 573 903 perdent
593 824 800 904 stringuntque
822 844 859 886 ex
879 843 948 888 usse
969 825 1082 900 Boreo;

199 933 275 996 oein
296 932 458 1013 liquefacta
479 933 543 996 lluit
564 951 659 1012 seque
679 932 710 994 in
732 951 803 996 sesa
822 934 889 1014 ipsa
908 935 1041 1007 resolvit,

198 1043 276 1104 llum
298 1042 394 1122 spiret
414 1041 511 1114 tellus,
535 1061 611 1123 qrrae
633 1042 760 1122 aliquam
783 1043 934 1106 desiderat
955 1043 1100 1118 umbram,

199 1153 235 1216 Et
257 1151 365 1214 similis
386 1152 523 1214 flammae
545 1159 593 1214 est
613 1151 767 1218 candelam
789 1152 915 1216 sundere
937 1154 1073 1228 adortae;

150 1264 183 1320 8⁰
199 1262 252 1324 Sio
272 1278 348 1338 geno
370 1261 450 1324 siena
471 1261 536 1334 luit,
557 1268 663 1341 peetus
685 1261 864 1338 singultibus
886 1281 993 1344 expers

119 1435 123 1448 ,
198 1373 275 1434 Ante
297 1372 403 1434 harum
424 1379 537 1444 nonme,
560 1370 668 1450 quibus
690 1379 822 1432 estmoe
846 1382 962 1452 tempus
984 1374 1014 1436 in
1037 1394 1126 1438 omne

87 1492 91 1588 J
198 1483 345 1544 Aeternae
367 1480 568 1544 adnumeres
590 1481 735 1560 sphaerae
757 1499 938 1560 componere
959 1502 1060 1546 voees.

197 1591 237 1652 dt
258 1601 417 1670 postquam
439 1590 470 1652 in
492 1589 572 1654 dulei
593 1589 662 1670 plus
683 1590 738 1653 lras
759 1589 960 1654 modulamine
982 1594 1065 1656 sensi

197 1699 363 1762 indulsisse
385 1699 466 1772 mihi
490 1700 627 1779 quamsi
649 1708 751 1762 essent
770 1700 862 1762 larier
881 1720 985 1765 orsae:

149 1819 181 1873 so
197 1809 242 1872 ΑΙ]
266 1827 320 1870 our
340 1817 383 1871 tet
405 1809 502 1882 dietis,
523 1809 640 1882 mulier,
662 1810 708 1872 sie
729 1809 853 1872 oonliois
874 1809 987 1874 istum?

138 1889 142 1908 ²
242 1919 302 1992 Qui
322 1919 395 1980 milri
417 1936 471 1982 oor
491 1920 605 1983 aueum
626 1917 742 1998 gelidus
764 1919 920 1982 duraverat
940 1922 1057 1996 humor,
1320 1801 1323 2011 Ι

197 2029 232 2090 ln
254 2037 358 2091 ventos
381 2037 412 2090 et
432 2047 525 2108 aquas
547 2028 621 2090 abiit
639 2027 795 2108 valideque
816 2030 981 2109 premendo
1319 2017 1323 2121 l

197 2139 315 2220 Perque
338 2157 373 2200 os
393 2157 508 2219 perque
530 2138 634 2201 oeulos
656 2139 755 2219 erupit
776 2147 898 2219 pectore
919 2140 955 2202 eh
978 2141 1049 2204 imo.
1320 2125 1323 2151 '

240 2248 294 2310 llla
316 2248 445 2312 hamone
466 2247 591 2328 plaustri
612 2248 643 2310 in
666 2248 743 2310 diota
765 2249 838 2310 mihi
860 2259 953 2328 parte,
977 2267 1119 2316 eoronam

148 2371 181 2425 to
198 2358 250 2420 Sio
271 2359 358 2420 allata
380 2359 461 2439 piam
481 2367 542 2420 est:
564 2357 655 2420 Vobis
676 2357 797 2437 vigilare
818 2358 880 2422 diei

199 2468 330 2545 Contigit
350 2468 381 2530 iu
399 2468 506 2548 jubare
528 2468 651 2540 aeterni,
672 2476 819 2530 nocturna
839 2487 896 2531 nec
917 2465 1031 2542 umhr'a,

197 2577 260 2640 Neo
282 2595 406 2640 somnus
427 2596 551 2658 passsam
571 2578 658 2640 vohis
679 2578 834 2658 intercipit
853 2577 956 2653 ullum

198 2687 329 2750 Tramite
351 2706 439 2768 quem
461 2688 584 2768 proprio
606 2687 736 2751 labentia
757 2687 877 2750 saecula
897 2689 1024 2768 signant

199 2797 299 2872 Quare
321 2815 392 2858 eura
412 2797 486 2860 milri
508 2806 557 2860 est
577 2797 674 2880 major
693 2816 840 2877 respousa
861 2799 984 2873 reterre,

84 2936 88 3027 p
148 2921 181 2975 os
198 2906 282 2981 Quae
304 2905 429 2986 pulchre
451 2909 508 2970 ists
530 2907 628 2970 animo
651 2907 783 2988 accipiat,
806 2909 858 2988 qrri
880 2908 1000 2972 fletibus
1022 2929 1076 2974 ora

197 3016 272 3078 lude
293 3015 354 3078 loci
374 3016 459 3094 rigat,
482 3025 517 3080 ut
535 3017 623 3097 parili
645 3018 686 3078 sit
705 3017 793 3099 mdpa
814 3016 961 3098 dolorque

198 3125 347 3188 Pondere.
388 3125 560 3205 Magnorum
580 3126 660 3190 hand
683 3129 780 3190 solum
802 3128 907 3190 virtute
929 3137 1069 3202 rotarum,

199 3234 283 3309 Quae
306 3243 413 3298 ounota
433 3236 471 3298 ad
493 3244 592 3298 certos
613 3245 791 3300 convertunt
809 3237 923 3300 semina
944 3239 1021 3300 fines

198 3344 258 3406 Pro
279 3344 309 3406 ri
330 3344 480 3408 stellarum
502 3348 711 3422 comitantum
733 3357 763 3409 at
783 3366 906 3411 munere
927 3347 1010 3426 largo

83 3381 87 3547 Ι
134 3461 181 3514 too
197 3453 335 3516 Numinis
357 3455 470 3518 aeterni
491 3455 536 3518 sio
556 3455 633 3520 altos
654 3457 745 3519 dante
766 3475 902 3537 vapores,

197 3563 298 3626 lmber
318 3572 352 3627 nt
371 3565 497 3628 istorum
517 3565 654 3628 mortalia
673 3565 786 3628 lumina
809 3566 898 3640 fellet,

195 3673 284 3736 llnno
306 3673 441 3736 suavita
462 3674 544 3738 dedit
564 3673 654 3738 telem
675 3694 760 3749 nova,
782 3685 815 3739 nt
834 3677 900 3756 ipse
922 3695 994 3740 suae
1014 3679 1044 3740 vi

195 3783 327 3846 Naturae
348 3783 468 3846 dextros
490 3782 579 3862 longa
599 3785 793 3848 assuetudine
815 3805 915 3850 mores

84 3950 86 3991 Ι
195 3893 323 3956 induero
345 3901 377 3955 et
395 3893 489 3979 muas
508 3893 632 3956 virtutes
655 3896 744 3960 odere
766 3897 891 3976 quisset.

83 4016 86 4105 p
135 4011 180 4064 lot
196 4004 235 4065 dt
257 4011 338 4064 tanto
360 4001 439 4066 male
460 4002 519 4066 lida
540 4005 636 4081 magis
657 4005 828 4086 silvosaque
849 4006 938 4070 tellus

84 4140 86 4211 p
197 4113 271 4174 Cum
293 4110 373 4174 tristi
396 4111 494 4174 eredit
513 4131 575 4175 non
597 4112 678 4177 culto
699 4115 825 4189 semino,
848 4127 957 4196 quanto

197 4221 251 4284 list
271 4237 356 4299 mage
378 4221 463 4287 dives
483 4222 551 4303 opis
572 4224 723 4287 terrestris
745 4233 776 4288 st
796 4234 881 4288 anate
901 4226 1014 4304 rigore.
1108 4187 1110 4192 ι

239 4329 296 4392 llic
317 4330 469 4410 quondam
490 4332 574 4396 stetit
594 4351 648 4396 ore
667 4353 746 4408 meo,
767 4334 897 4400 ridentia
917 4335 1044 4398 honeste
1314 4264 1319 4542 Ι

82 4454 697 4546 [Ἣ

1318 3053 1321 3113 Ι

1318 3144 1321 3198 l

1318 3232 1321 3290 l

1318 3326 1321 3372 Ι

1318 3495 1323 3557 l

1318 3584 1321 3651 l

1318 3662 1321 3731 l

1318 3748 1321 3801 l

1318 3813 1320 3849 ι
