3116 5162
248 433 314 476 mr
784 415 957 468 ΡΜΕΙΙἎΤΙΟ.

350 599 419 672 Hos
454 599 672 697 complurium
705 600 913 674 saeculorum
945 610 1083 674 conatus
1110 601 1197 674 inter
1232 627 1269 676 se
1302 602 1488 697 conferens,

248 718 399 810 lector,
390 742 461 816 rpse
487 718 663 814 intelliges,
681 717 822 790 Prunzuu
850 719 1099 792 conversionem
1125 743 1193 792 non
1219 719 1407 795 infelicibus
1433 747 1488 798 au·

249 841 295 911 sis
321 848 494 935 utramque
521 846 741 909 consectatum
774 861 848 909 esse
880 836 1030 930 laudem,
1064 847 1131 910 tam
1167 807 1244 911 fidei
1278 864 1378 937 quarn
1409 843 1487 914 casti

248 957 431 1049 sermonis,
463 979 526 1028 nec
558 954 831 1052 usuparicribus
859 955 1000 1028 saeculis
1032 965 1146 1030 nostro
1183 957 1326 1054 palmam
1359 951 1487 1056 praere

247 1085 336 1174 ptam
359 1099 432 1186 esse
455 1073 631 1170 judicabis.
975 1089 979 1096 ·

348 1225 398 1300 Ne
415 1249 492 1298 uero
510 1225 583 1298 siue
604 1223 745 1324 quodam
763 1224 935 1298 corollario
956 1235 988 1298 te
1007 1224 1228 1319 dimittamus,
1251 1237 1319 1301 tres
1337 1228 1488 1302 addimus

246 1345 429 1438 versiones,
448 1343 676 1416 obseruatione
692 1353 760 1436 tua,
776 1344 810 1414 ni
830 1343 983 1436 fallimur,
1003 1367 1069 1418 non
1085 1344 1258 1440 indiguas:
1277 1345 1488 1445 Hispanicum

248 1465 395 1561 duasque
434 1455 706 1557 Francogallicus.
772 1461 862 1534 Illius
896 1461 997 1534 editio
1034 1474 1146 1556 uatus,
1180 1463 1269 1538 inter
1301 1466 1487 1538 rarissimos
1553 1479 1554 1494 ¹

247 1583 350 1656 libros
376 1606 395 1653 a
421 1579 660 1677 bibliographis
686 1579 804 1652 merito
831 1580 951 1674 relata,
979 1605 1085 1680 nuper
1109 1583 1152 1656 ed
1177 1607 1239 1656 nos
1265 1585 1415 1681 peruenit
1440 1582 1488 1655 ol·
1553 1581 1554 1662 ξ

248 1819 350 1916 Cujus
372 1818 487 1890 titulus
510 1825 543 1888 et
563 1816 726 1913 epilogus,
749 1839 850 1912 quum
875 1817 925 1888 rel
951 1817 1185 1892 aColumbo
1204 1819 1488 1916 Batinensi*),

245 1939 316 2011 viro
343 1934 603 2027 accuratissimo,
628 1933 739 2006 minus
765 1944 855 2006 recte
876 1933 1104 2036 exhibeantur,
1131 1947 1307 2038 utrumque
1324 1939 1487 2036 subjicere

246 2082 314 2131 non
340 2056 399 2130 abs
424 2079 460 2128 re
488 2078 561 2128 esse
586 2063 758 2154 putamus:
972 2067 977 2076 ·
1012 2069 1014 2074 ·

447 2253 451 2260 ’
575 2255 638 2320 Con
659 2254 824 2336 preuilegio
846 2257 926 2320 real:

568 2357 590 2435 'ri
613 2375 653 2418 uo
675 2358 704 2420 le
726 2355 864 2440 imprimo
886 2377 944 2438 por

573 2459 651 2520 oclro
675 2457 759 2520 anos.
781 2477 799 2538 y
821 2459 879 2522 elta
903 2459 957 2520 tal-

576 2555 644 2619 lado
668 2577 705 2619 ou
729 2557 805 2620 oclro
828 2558 924 2621 reales
935 2563 994 2640 **).
1128 2555 1134 2570 '

532 2659 573 2722 La
595 2657 741 2720 traducio.
765 2658 813 2720 del
835 2658 922 2722 dante

533 2761 571 2822 de
593 2759 699 2837 longua
721 2759 839 2821 tolcana
861 2779 899 2823 en
920 2765 1003 2825 rerlo
1026 2768 1101 2830 catto

532 2860 628 2922 llano:
650 2879 707 2940 por
727 2859 754 2921 el
776 2860 932 2926 Reuererlo
954 2866 1013 2928 don
1035 2887 1075 2950 po

530 2961 670 3026 lernarlez
693 2961 729 3023 de
750 2958 872 3042 villegas
894 2967 1051 3030 areediano

531 3062 569 3124 de
590 3062 716 3142 burgos:
739 3082 757 3143 y
778 3081 835 3144 por
856 3065 883 3127 cl
906 3070 1079 3132 comentado

529 3163 646 3226 allende
668 3165 734 3226 atos
757 3173 839 3228 otrus
862 3167 1031 3246 gloladores

530 3283 587 3345 por
607 3266 734 3329 malado
756 3261 804 3329 uta
826 3287 894 3349 muy
915 3269 1067 3333 excolente

531 3363 633 3428 fenora
656 3367 734 3430 dolia
753 3369 847 3432 Juaua
870 3369 907 3431 de
929 3383 1040 3450 aragon

533 3467 662 3548 duquela
684 3467 721 3530 de
744 3469 814 3532 lrias
838 3491 854 3550 y
876 3471 1023 3542 Condalio.
1040 3475 1078 3537 de

531 3567 604 3628 haro
626 3569 677 3650 fija
699 3569 729 3630 ot
751 3587 820 3650 rnuy
841 3561 986 3652 {ioderolo
1008 3575 1070 3656 lley
1113 3625 1121 3641 .
1159 3585 1165 3606 ⁸

531 3669 591 3730 (lon
613 3670 737 3732 larnado
760 3672 797 3734 de
821 3673 930 3736 caltilla
952 3695 970 3754 y
991 3677 1028 3739 de
1050 3697 1100 3740 ara

529 3787 598 3848 gon.
621 3771 748 3833 llamado
772 3773 799 3835 el
821 3775 968 3837 catholico
991 3779 1053 3839 Con

532 3879 614 3934 otros
636 3873 692 3934 dos
714 3875 857 3938 naudus.
900 3897 957 3939 vno
979 3877 999 3955 ἶ]
1022 3881 1050 3940 lo
1074 3880 1102 3941 di

531 3991 565 4034 ze
588 3973 723 4053 querella
746 3976 783 4038 de
805 3976 832 4038 la
854 3978 893 4038 le.
916 3997 933 4059 y
955 3987 1019 4041 otro
1044 3983 1134 4044 averli

531 4092 570 4135 on
592 4073 640 4138 del
662 4075 753 4140 murlo
775 4096 793 4158 y
814 4079 947 4144 cauerint
968 4101 985 4144 a
1008 4079 1086 4145 dios.

310 4323 335 4387 *t
353 4326 467 4392 Bibllogr.
486 4329 504 4390 l,
523 4329 580 4380 278.
599 4329 638 4380 79.

310 4409 351 4472 ”t
368 4411 488 4464 Hactenus
507 4411 584 4464 literis
602 4414 684 4480 nigris.
719 4415 817 4484 Reliqua
836 4417 908 4470 rubro
928 4420 1009 4473 colora
1027 4423 1144 4488 impressa
1162 4435 1224 4478 sunt
