<?xml version="1.0" encoding="UTF-8"?>
<!DOCTYPE html PUBLIC "-//W3C//DTD XHTML 1.0 Transitional//EN"
    "http://www.w3.org/TR/xhtml1/DTD/xhtml1-transitional.dtd">
<html xmlns="http://www.w3.org/1999/xhtml" xml:lang="en" lang="en">
 <head>
  <title>
</title>
<meta http-equiv="Content-Type" content="text/html;charset=utf-8" />
  <meta name='ocr-system' content='tesseract 3.04.00' />
  <meta name='ocr-capabilities' content='ocr_page ocr_carea ocr_par ocr_line ocrx_word'/>
</head>
<body>
  <div class='ocr_page' id='page_1' title='image "./divinacomoedia00piazgoog_0090.png"; bbox 0 0 3116 5162; ppageno 0'>
   <div class='ocr_carea' id='block_1_1' title="bbox 572 433 821 486">
    <p class='ocr_par' dir='ltr' id='par_1_1' title="bbox 572 433 821 486">
     <span class='ocr_line' id='line_1_1' title="bbox 572 433 821 486; baseline 0.008 -2"><span class='ocrx_word' id='word_1_1' title='bbox 572 433 766 486; x_wconf 78' lang='lat' dir='ltr'><strong>tnruunonutt</strong></span> <span class='ocrx_word' id='word_1_2' title='bbox 785 435 821 486; x_wconf 82' lang='lat' dir='ltr'><strong>lx.</strong></span> 
     </span>
    </p>
   </div>
   <div class='ocr_carea' id='block_1_2' title="bbox 73 651 1315 4226">
    <p class='ocr_par' dir='ltr' id='par_1_2' title="bbox 73 651 1315 4226">
     <span class='ocr_line' id='line_1_2' title="bbox 198 651 1083 734; baseline 0 -20"><span class='ocrx_word' id='word_1_3' title='bbox 198 654 340 734; x_wconf 79' lang='lat' dir='ltr'><strong>Quaeque</strong></span> <span class='ocrx_word' id='word_1_4' title='bbox 363 652 421 714; x_wconf 84' lang='lat' dir='ltr'>sibi</span> <span class='ocrx_word' id='word_1_5' title='bbox 444 671 542 731; x_wconf 90' lang='lat' dir='ltr'><strong>ungue</strong></span> <span class='ocrx_word' id='word_1_6' title='bbox 564 653 663 714; x_wconf 86' lang='lat' dir='ltr'><strong>sinum</strong></span> <span class='ocrx_word' id='word_1_7' title='bbox 685 651 797 733; x_wconf 89' lang='lat' dir='ltr'><strong>pariter</strong></span> <span class='ocrx_word' id='word_1_8' title='bbox 817 653 948 716; x_wconf 80' lang='lat' dir='ltr'><strong>laniabat</strong></span> <span class='ocrx_word' id='word_1_9' title='bbox 969 663 999 716; x_wconf 89' lang='lat' dir='ltr'><strong>et</strong></span> <span class='ocrx_word' id='word_1_10' title='bbox 1021 673 1083 716; x_wconf 87' lang='lat' dir='ltr'><strong>nra.</strong></span> 
     </span>
     <span class='ocr_line' id='line_1_3' title="bbox 148 761 868 842; baseline 0.003 -20"><span class='ocrx_word' id='word_1_11' title='bbox 148 769 179 822; x_wconf 80' lang='lat' dir='ltr'><strong>tn</strong></span> <span class='ocrx_word' id='word_1_12' title='bbox 196 763 307 824; x_wconf 85' lang='lat' dir='ltr'><strong>Palmis</strong></span> <span class='ocrx_word' id='word_1_13' title='bbox 328 780 491 842; x_wconf 78' lang='lat' dir='ltr'><strong>percussae</strong></span> <span class='ocrx_word' id='word_1_14' title='bbox 513 761 694 826; x_wconf 85' lang='lat' dir='ltr'><strong>clamoribus</strong></span> <span class='ocrx_word' id='word_1_15' title='bbox 719 761 868 824; x_wconf 84' lang='lat' dir='ltr'><strong>adsiluere</strong></span> 
     </span>
     <span class='ocr_line' id='line_1_4' title="bbox 195 870 1109 952; baseline -0.001 -17"><span class='ocrx_word' id='word_1_16' title='bbox 195 872 334 948; x_wconf 85' lang='lat' dir='ltr'><strong>Talibus,</strong></span> <span class='ocrx_word' id='word_1_17' title='bbox 358 880 390 936; x_wconf 94' lang='lat' dir='ltr'><strong>ut</strong></span> <span class='ocrx_word' id='word_1_18' title='bbox 412 889 548 952; x_wconf 80' lang='lat' dir='ltr'><strong>premere</strong></span> <span class='ocrx_word' id='word_1_19' title='bbox 571 873 607 934; x_wconf 91' lang='lat' dir='ltr'><strong>ad</strong></span> <span class='ocrx_word' id='word_1_20' title='bbox 630 880 736 952; x_wconf 89' lang='lat' dir='ltr'><strong>pectus</strong></span> <span class='ocrx_word' id='word_1_21' title='bbox 757 870 831 932; x_wconf 89' lang='lat' dir='ltr'><strong>mihi</strong></span> <span class='ocrx_word' id='word_1_22' title='bbox 854 871 983 934; x_wconf 82' lang='lat' dir='ltr'><strong>suaserit</strong></span> <span class='ocrx_word' id='word_1_23' title='bbox 1004 872 1109 952; x_wconf 90' lang='lat' dir='ltr'><strong>ingens</strong></span> 
     </span>
     <span class='ocr_line' id='line_1_5' title="bbox 195 976 1082 1044; baseline 0.007 -7"><span class='ocrx_word' id='word_1_24' title='bbox 195 976 307 1038; x_wconf 83' lang='lat' dir='ltr'><strong>Terror</strong></span> <span class='ocrx_word' id='word_1_25' title='bbox 328 976 494 1044; x_wconf 87' lang='lat' dir='ltr'><strong>ductorem.</strong></span> <span class='ocrx_word' id='word_1_26' title='bbox 517 979 675 1044; x_wconf 88' lang='lat' dir='ltr'><strong>-.Simul</strong></span> <span class='ocrx_word' id='word_1_27' title='bbox 698 981 796 1042; x_wconf 88' lang='lat' dir='ltr'><strong>omnis</strong></span> <span class='ocrx_word' id='word_1_28' title='bbox 818 981 904 1042; x_wconf 84' lang='lat' dir='ltr'><strong>turba</strong></span> <span class='ocrx_word' id='word_1_29' title='bbox 926 999 1082 1044; x_wconf 84' lang='lat' dir='ltr'><strong>sorcnun:</strong></span> 
     </span>
     <span class='ocr_line' id='line_1_6' title="bbox 194 1087 948 1163; baseline 0.005 -15"><span class='ocrx_word' id='word_1_30' title='bbox 194 1087 339 1149; x_wconf 76' lang='lat' dir='ltr'><strong>Adveniet</strong></span> <span class='ocrx_word' id='word_1_31' title='bbox 361 1089 498 1162; x_wconf 84' lang='lat' dir='ltr'><strong>Gcacnu,</strong></span> <span class='ocrx_word' id='word_1_32' title='bbox 522 1090 582 1163; x_wconf 88' lang='lat' dir='ltr'><strong>sic,</strong></span> <span class='ocrx_word' id='word_1_33' title='bbox 605 1090 650 1152; x_wconf 85' lang='lat' dir='ltr'><strong>sic</strong></span> <span class='ocrx_word' id='word_1_34' title='bbox 671 1090 824 1152; x_wconf 89' lang='lat' dir='ltr'><strong>immobile</strong></span> <span class='ocrx_word' id='word_1_35' title='bbox 846 1109 948 1154; x_wconf 79' lang='lat' dir='ltr'><strong>sarum</strong></span> 
     </span>
     <span class='ocr_line' id='line_1_7' title="bbox 193 1194 1010 1281; baseline 0.006 -24"><span class='ocrx_word' id='word_1_36' title='bbox 193 1194 279 1258; x_wconf 89' lang='lat' dir='ltr'><strong>llnnc</strong></span> <span class='ocrx_word' id='word_1_37' title='bbox 302 1198 461 1272; x_wconf 83' lang='lat' dir='ltr'><strong>iaciemus,</strong></span> <span class='ocrx_word' id='word_1_38' title='bbox 485 1199 527 1262; x_wconf 92' lang='lat' dir='ltr'><strong>ait</strong></span> <span class='ocrx_word' id='word_1_39' title='bbox 547 1199 726 1281; x_wconf 78' lang='lat' dir='ltr'><strong>despectans</strong></span> <span class='ocrx_word' id='word_1_40' title='bbox 748 1200 849 1262; x_wconf 84' lang='lat' dir='ltr'><strong>infima</strong></span> <span class='ocrx_word' id='word_1_41' title='bbox 872 1200 1010 1264; x_wconf 85' lang='lat' dir='ltr'><strong>claustra.</strong></span> 
     </span>
     <span class='ocr_line' id='line_1_8' title="bbox 145 1307 1057 1389; baseline 0.002 -18"><span class='ocrx_word' id='word_1_42' title='bbox 145 1317 177 1371; x_wconf 76' lang='lat' dir='ltr'><strong>bn</strong></span> <span class='ocrx_word' id='word_1_43' title='bbox 193 1307 316 1370; x_wconf 74' lang='lat' dir='ltr'><strong>Turissa</strong></span> <span class='ocrx_word' id='word_1_44' title='bbox 338 1316 518 1389; x_wconf 81' lang='lat' dir='ltr'><strong>pugnantem</strong></span> <span class='ocrx_word' id='word_1_45' title='bbox 543 1317 646 1372; x_wconf 90' lang='lat' dir='ltr'><strong>contra</strong></span> <span class='ocrx_word' id='word_1_46' title='bbox 668 1309 745 1370; x_wconf 91' lang='lat' dir='ltr'><strong>male</strong></span> <span class='ocrx_word' id='word_1_47' title='bbox 767 1327 827 1372; x_wconf 88' lang='lat' dir='ltr'><strong>non</strong></span> <span class='ocrx_word' id='word_1_48' title='bbox 850 1329 953 1372; x_wconf 92' lang='lat' dir='ltr'><strong>sumus</strong></span> <span class='ocrx_word' id='word_1_49' title='bbox 979 1310 1057 1372; x_wconf 90' lang='lat' dir='ltr'><strong>ultae</strong></span> 
     </span>
     <span class='ocr_line' id='line_1_9' title="bbox 192 1416 1101 1492; baseline 0.004 -14"><span class='ocrx_word' id='word_1_50' title='bbox 192 1416 252 1478; x_wconf 82' lang='lat' dir='ltr'><strong>Pro</strong></span> <span class='ocrx_word' id='word_1_51' title='bbox 276 1417 366 1480; x_wconf 87' lang='lat' dir='ltr'><strong>lacto.</strong></span> <span class='ocrx_word' id='word_1_52' title='bbox 388 1451 429 1464; x_wconf 83' lang='lat'>-</span> <span class='ocrx_word' id='word_1_53' title='bbox 452 1420 558 1482; x_wconf 80' lang='lat' dir='ltr'><strong>liverte</strong></span> <span class='ocrx_word' id='word_1_54' title='bbox 581 1439 631 1491; x_wconf 87' lang='lat' dir='ltr'><strong>os,</strong></span> <span class='ocrx_word' id='word_1_55' title='bbox 655 1427 686 1480; x_wconf 83' lang='lat' dir='ltr'><strong>et</strong></span> <span class='ocrx_word' id='word_1_56' title='bbox 706 1420 772 1492; x_wconf 84' lang='lat' dir='ltr'><strong>lac,</strong></span> <span class='ocrx_word' id='word_1_57' title='bbox 796 1427 845 1482; x_wconf 89' lang='lat' dir='ltr'><strong>tua</strong></span> <span class='ocrx_word' id='word_1_58' title='bbox 868 1419 978 1482; x_wconf 91' lang='lat' dir='ltr'><strong>lumina</strong></span> <span class='ocrx_word' id='word_1_59' title='bbox 1002 1420 1101 1482; x_wconf 84' lang='lat' dir='ltr'><strong>clausa</strong></span> 
     </span>
     <span class='ocr_line' id='line_1_10' title="bbox 193 1527 1002 1602; baseline 0.002 -13"><span class='ocrx_word' id='word_1_60' title='bbox 193 1527 372 1602; x_wconf 78' lang='lat' dir='ltr'><strong>Gontiueas3</strong></span> <span class='ocrx_word' id='word_1_61' title='bbox 394 1547 449 1591; x_wconf 88' lang='lat' dir='ltr'><strong>sua</strong></span> <span class='ocrx_word' id='word_1_62' title='bbox 470 1547 539 1592; x_wconf 89' lang='lat' dir='ltr'><strong>narn</strong></span> <span class='ocrx_word' id='word_1_63' title='bbox 561 1529 587 1590; x_wconf 92' lang='lat' dir='ltr'><strong>si</strong></span> <span class='ocrx_word' id='word_1_64' title='bbox 610 1528 777 1591; x_wconf 89' lang='lat' dir='ltr'><strong>ostenderit</strong></span> <span class='ocrx_word' id='word_1_65' title='bbox 798 1547 848 1590; x_wconf 89' lang='lat' dir='ltr'><strong>ora</strong></span> <span class='ocrx_word' id='word_1_66' title='bbox 871 1528 1002 1601; x_wconf 75' lang='lat' dir='ltr'><strong>Menesi,</strong></span> 
     </span>
     <span class='ocr_line' id='line_1_11' title="bbox 189 1637 950 1719; baseline 0 -21"><span class='ocrx_word' id='word_1_67' title='bbox 189 1639 233 1698; x_wconf 75' lang='lat' dir='ltr'><strong>Ac</strong></span> <span class='ocrx_word' id='word_1_68' title='bbox 255 1645 287 1698; x_wconf 92' lang='lat' dir='ltr'><strong>tu</strong></span> <span class='ocrx_word' id='word_1_69' title='bbox 309 1638 470 1718; x_wconf 88' lang='lat' dir='ltr'><strong>spectaris,</strong></span> <span class='ocrx_word' id='word_1_70' title='bbox 494 1639 627 1719; x_wconf 89' lang='lat' dir='ltr'><strong>Superos</strong></span> <span class='ocrx_word' id='word_1_71' title='bbox 650 1637 704 1698; x_wconf 91' lang='lat' dir='ltr'><strong>tibi</strong></span> <span class='ocrx_word' id='word_1_72' title='bbox 728 1637 806 1700; x_wconf 93' lang='lat' dir='ltr'><strong>nulla</strong></span> <span class='ocrx_word' id='word_1_73' title='bbox 829 1639 950 1719; x_wconf 89' lang='lat' dir='ltr'><strong>petendi</strong></span> 
     </span>
     <span class='ocr_line' id='line_1_12' title="bbox 190 1745 1315 1887; baseline 0.002 -80"><span class='ocrx_word' id='word_1_74' title='bbox 190 1745 285 1827; x_wconf 83' lang='lat' dir='ltr'><strong>Cepia</strong></span> <span class='ocrx_word' id='word_1_75' title='bbox 308 1746 338 1808; x_wconf 94' lang='lat' dir='ltr'><strong>in</strong></span> <span class='ocrx_word' id='word_1_76' title='bbox 361 1757 515 1811; x_wconf 89' lang='lat' dir='ltr'><strong>aeternum</strong></span> <span class='ocrx_word' id='word_1_77' title='bbox 538 1747 665 1811; x_wconf 86' lang='lat' dir='ltr'><strong>dabitur.</strong></span> <span class='ocrx_word' id='word_1_78' title='bbox 708 1747 803 1810; x_wconf 86' lang='lat' dir='ltr'><strong>Verba</strong></span> <span class='ocrx_word' id='word_1_79' title='bbox 826 1747 882 1810; x_wconf 88' lang='lat' dir='ltr'><strong>ista</strong></span> <span class='ocrx_word' id='word_1_80' title='bbox 904 1748 1046 1827; x_wconf 88' lang='lat' dir='ltr'><strong>magister</strong></span> <span class='ocrx_word' id='word_1_81' title='bbox 1312 1783 1315 1887; x_wconf 72' lang='grc' dir='ltr'>Ι</span> 
     </span>
     <span class='ocr_line' id='line_1_13' title="bbox 143 1855 1314 1938; baseline 0.003 -22"><span class='ocrx_word' id='word_1_82' title='bbox 143 1863 174 1916; x_wconf 77' lang='lat' dir='ltr'><strong>tt</strong></span> <span class='ocrx_word' id='word_1_83' title='bbox 190 1855 304 1929; x_wconf 86' lang='lat' dir='ltr'><strong>Edere,</strong></span> <span class='ocrx_word' id='word_1_84' title='bbox 327 1866 358 1918; x_wconf 90' lang='lat' dir='ltr'><strong>et</strong></span> <span class='ocrx_word' id='word_1_85' title='bbox 378 1857 444 1938; x_wconf 85' lang='lat' dir='ltr'><strong>ipse</strong></span> <span class='ocrx_word' id='word_1_86' title='bbox 467 1858 539 1920; x_wconf 90' lang='lat' dir='ltr'><strong>mibi</strong></span> <span class='ocrx_word' id='word_1_87' title='bbox 562 1858 644 1920; x_wconf 86' lang='lat' dir='ltr'><strong>visus</strong></span> <span class='ocrx_word' id='word_1_88' title='bbox 666 1867 815 1931; x_wconf 81' lang='lat' dir='ltr'><strong>avertere,</strong></span> <span class='ocrx_word' id='word_1_89' title='bbox 839 1875 895 1918; x_wconf 88' lang='lat' dir='ltr'><strong>nec</strong></span> <span class='ocrx_word' id='word_1_90' title='bbox 917 1867 965 1920; x_wconf 90' lang='lat' dir='ltr'><strong>sat</strong></span> <span class='ocrx_word' id='word_1_91' title='bbox 1312 1898 1314 1908; x_wconf 37' lang='grc' dir='ltr'><strong><em>ι</em></strong></span> 
     </span>
     <span class='ocr_line' id='line_1_14' title="bbox 83 1933 1315 2139; baseline 0.002 -113"><span class='ocrx_word' id='word_1_92' title='bbox 83 1944 86 2043; x_wconf 89' lang='grc' dir='ltr'>Ι</span> <span class='ocrx_word' id='word_1_93' title='bbox 190 1964 359 2029; x_wconf 83' lang='lat' dir='ltr'><strong>Confidisse</strong></span> <span class='ocrx_word' id='word_1_94' title='bbox 380 1985 460 2040; x_wconf 86' lang='lat' dir='ltr'><strong>mea,</strong></span> <span class='ocrx_word' id='word_1_95' title='bbox 484 1968 605 2049; x_wconf 86' lang='lat' dir='ltr'><strong>propria</strong></span> <span class='ocrx_word' id='word_1_96' title='bbox 628 1967 659 2028; x_wconf 88' lang='lat' dir='ltr'><strong>ni</strong></span> <span class='ocrx_word' id='word_1_97' title='bbox 682 1967 825 2028; x_wconf 89' lang='lat' dir='ltr'><strong>conderet</strong></span> <span class='ocrx_word' id='word_1_98' title='bbox 846 1967 911 2046; x_wconf 91' lang='lat' dir='ltr'><strong>ipse</strong></span> <span class='ocrx_word' id='word_1_99' title='bbox 1310 1933 1315 2139; x_wconf 58' lang='lat' dir='ltr'>i</span> 
     </span>
     <span class='ocr_line' id='line_1_15' title="bbox 82 2052 1108 2157; baseline 0.001 -20"><span class='ocrx_word' id='word_1_100' title='bbox 82 2052 86 2137; x_wconf 74' lang='lat' dir='ltr'><strong>l</strong></span> <span class='ocrx_word' id='word_1_101' title='bbox 189 2073 317 2138; x_wconf 88' lang='lat' dir='ltr'><strong>Lumina</strong></span> <span class='ocrx_word' id='word_1_102' title='bbox 338 2085 439 2140; x_wconf 88' lang='lat' dir='ltr'><strong>nostra</strong></span> <span class='ocrx_word' id='word_1_103' title='bbox 462 2095 563 2140; x_wconf 85' lang='lat' dir='ltr'><strong>manu.</strong></span> <span class='ocrx_word' id='word_1_104' title='bbox 608 2077 666 2138; x_wconf 83' lang='lat' dir='ltr'><strong>vos</strong></span> <span class='ocrx_word' id='word_1_105' title='bbox 687 2097 721 2148; x_wconf 83' lang='grc' dir='ltr'><strong>ο,</strong></span> <span class='ocrx_word' id='word_1_106' title='bbox 744 2075 829 2155; x_wconf 90' lang='lat' dir='ltr'><strong>queis</strong></span> <span class='ocrx_word' id='word_1_107' title='bbox 852 2093 923 2138; x_wconf 85' lang='lat' dir='ltr'><strong>sana</strong></span> <span class='ocrx_word' id='word_1_108' title='bbox 947 2076 1108 2157; x_wconf 74' lang='lat' dir='ltr'><strong>vigensque</strong></span> 
     </span>
     <span class='ocr_line' id='line_1_16' title="bbox 190 2164 1314 2267; baseline 0.003 -21"><span class='ocrx_word' id='word_1_109' title='bbox 190 2184 273 2246; x_wconf 86' lang='lat' dir='ltr'><strong>llens</strong></span> <span class='ocrx_word' id='word_1_110' title='bbox 296 2193 356 2259; x_wconf 85' lang='lat' dir='ltr'><strong>est,</strong></span> <span class='ocrx_word' id='word_1_111' title='bbox 379 2186 506 2267; x_wconf 88' lang='lat' dir='ltr'><strong>aecipite</strong></span> <span class='ocrx_word' id='word_1_112' title='bbox 528 2186 603 2248; x_wconf 84' lang='lat' dir='ltr'><strong>haec</strong></span> <span class='ocrx_word' id='word_1_113' title='bbox 625 2185 732 2247; x_wconf 88' lang='lat' dir='ltr'><strong>animis</strong></span> <span class='ocrx_word' id='word_1_114' title='bbox 754 2184 896 2246; x_wconf 85' lang='lat' dir='ltr'><strong>discenda</strong></span> <span class='ocrx_word' id='word_1_115' title='bbox 917 2184 1072 2264; x_wconf 84' lang='lat' dir='ltr'><strong>pudenter,</strong></span> <span class='ocrx_word' id='word_1_116' title='bbox 1311 2164 1314 2197; x_wconf 79' lang='lat'><strong>¹</strong></span> 
     </span>
     <span class='ocr_line' id='line_1_17' title="bbox 82 2258 1034 2385; baseline -0.002 -29"><span class='ocrx_word' id='word_1_117' title='bbox 82 2258 85 2385; x_wconf 58' lang='grc' dir='ltr'>Ι</span> <span class='ocrx_word' id='word_1_118' title='bbox 191 2294 274 2368; x_wconf 82' lang='lat' dir='ltr'><strong>Quae</strong></span> <span class='ocrx_word' id='word_1_119' title='bbox 296 2295 419 2358; x_wconf 82' lang='lat' dir='ltr'><strong>veniunt</strong></span> <span class='ocrx_word' id='word_1_120' title='bbox 440 2295 505 2356; x_wconf 84' lang='lat' dir='ltr'><strong>velc</strong></span> <span class='ocrx_word' id='word_1_121' title='bbox 527 2313 718 2358; x_wconf 82' lang='lat' dir='ltr'><strong>numeremur</strong></span> <span class='ocrx_word' id='word_1_122' title='bbox 740 2295 858 2356; x_wconf 85' lang='lat' dir='ltr'><strong>obtecta</strong></span> <span class='ocrx_word' id='word_1_123' title='bbox 880 2312 1034 2354; x_wconf 77' lang='lat' dir='ltr'><strong>acturum.</strong></span> 
     </span>
     <span class='ocr_line' id='line_1_18' title="bbox 142 2403 933 2486; baseline -0.004 -18"><span class='ocrx_word' id='word_1_124' title='bbox 142 2404 312 2484; x_wconf 78' lang='lat' dir='ltr'><strong>telamque</strong></span> <span class='ocrx_word' id='word_1_125' title='bbox 334 2405 556 2486; x_wconf 89' lang='lat' dir='ltr'><strong>propinquabat</strong></span> <span class='ocrx_word' id='word_1_126' title='bbox 576 2423 631 2486; x_wconf 90' lang='lat' dir='ltr'><strong>per</strong></span> <span class='ocrx_word' id='word_1_127' title='bbox 652 2403 808 2482; x_wconf 78' lang='lat' dir='ltr'><strong>caligantia</strong></span> <span class='ocrx_word' id='word_1_128' title='bbox 831 2413 933 2482; x_wconf 89' lang='lat' dir='ltr'><strong>stagna</strong></span> 
     </span>
     <span class='ocr_line' id='line_1_19' title="bbox 188 2511 1091 2594; baseline -0.001 -19"><span class='ocrx_word' id='word_1_129' title='bbox 188 2514 372 2578; x_wconf 82' lang='lat' dir='ltr'><strong>licrrisouns</strong></span> <span class='ocrx_word' id='word_1_130' title='bbox 395 2516 511 2593; x_wconf 77' lang='lat' dir='ltr'><strong>fragor,</strong></span> <span class='ocrx_word' id='word_1_131' title='bbox 534 2534 551 2576; x_wconf 93' lang='lat' dir='ltr'><strong>a</strong></span> <span class='ocrx_word' id='word_1_132' title='bbox 574 2533 633 2594; x_wconf 91' lang='lat' dir='ltr'><strong>quc</strong></span> <span class='ocrx_word' id='word_1_133' title='bbox 654 2513 713 2576; x_wconf 90' lang='lat' dir='ltr'><strong>late</strong></span> <span class='ocrx_word' id='word_1_134' title='bbox 736 2523 823 2594; x_wconf 90' lang='lat' dir='ltr'><strong>atque</strong></span> <span class='ocrx_word' id='word_1_135' title='bbox 847 2515 963 2576; x_wconf 87' lang='lat' dir='ltr'><strong>eminus</strong></span> <span class='ocrx_word' id='word_1_136' title='bbox 986 2511 1091 2574; x_wconf 87' lang='lat' dir='ltr'><strong>ambae</strong></span> 
     </span>
     <span class='ocr_line' id='line_1_20' title="bbox 189 2570 1311 2704; baseline 0.002 -18"><span class='ocrx_word' id='word_1_137' title='bbox 189 2624 402 2688; x_wconf 83' lang='lat' dir='ltr'><strong>Contremuere</strong></span> <span class='ocrx_word' id='word_1_138' title='bbox 425 2643 513 2698; x_wconf 85' lang='lat' dir='ltr'><strong>orae;</strong></span> <span class='ocrx_word' id='word_1_139' title='bbox 534 2624 626 2686; x_wconf 78' lang='lat' dir='ltr'><strong>veluti</strong></span> <span class='ocrx_word' id='word_1_140' title='bbox 649 2623 675 2684; x_wconf 89' lang='lat' dir='ltr'><strong>si</strong></span> <span class='ocrx_word' id='word_1_141' title='bbox 696 2641 827 2704; x_wconf 89' lang='lat' dir='ltr'><strong>unquam</strong></span> <span class='ocrx_word' id='word_1_142' title='bbox 849 2623 961 2702; x_wconf 86' lang='lat' dir='ltr'><strong>ingruit</strong></span> <span class='ocrx_word' id='word_1_143' title='bbox 982 2631 1066 2686; x_wconf 90' lang='lat' dir='ltr'><strong>aestu</strong></span> <span class='ocrx_word' id='word_1_144' title='bbox 1266 2647 1268 2652; x_wconf 94' lang='lat'>·</span> <span class='ocrx_word' id='word_1_145' title='bbox 1308 2570 1311 2688; x_wconf 62' lang='grc' dir='ltr'>Ι</span> 
     </span>
     <span class='ocr_line' id='line_1_21' title="bbox 187 2733 1025 2815; baseline 0 -22"><span class='ocrx_word' id='word_1_146' title='bbox 187 2733 298 2796; x_wconf 85' lang='lat' dir='ltr'><strong>Ventus</strong></span> <span class='ocrx_word' id='word_1_147' title='bbox 321 2735 358 2796; x_wconf 94' lang='lat' dir='ltr'><strong>ab</strong></span> <span class='ocrx_word' id='word_1_148' title='bbox 380 2735 521 2807; x_wconf 78' lang='lat' dir='ltr'><strong>adverso,</strong></span> <span class='ocrx_word' id='word_1_149' title='bbox 545 2735 596 2814; x_wconf 92' lang='lat' dir='ltr'><strong>qui</strong></span> <span class='ocrx_word' id='word_1_150' title='bbox 618 2751 763 2815; x_wconf 88' lang='lat' dir='ltr'><strong>praeceps</strong></span> <span class='ocrx_word' id='word_1_151' title='bbox 786 2733 896 2813; x_wconf 90' lang='lat' dir='ltr'><strong>impete</strong></span> <span class='ocrx_word' id='word_1_152' title='bbox 918 2749 1025 2812; x_wconf 87' lang='lat' dir='ltr'><strong>magun</strong></span> 
     </span>
     <span class='ocr_line' id='line_1_22' title="bbox 188 2842 947 2925; baseline -0.003 -20"><span class='ocrx_word' id='word_1_153' title='bbox 188 2844 292 2916; x_wconf 83' lang='lat' dir='ltr'><strong>lrruit‚</strong></span> <span class='ocrx_word' id='word_1_154' title='bbox 315 2855 404 2925; x_wconf 87' lang='lat' dir='ltr'><strong>atque</strong></span> <span class='ocrx_word' id='word_1_155' title='bbox 427 2844 496 2906; x_wconf 86' lang='lat' dir='ltr'><strong>l&#39;erit</strong></span> <span class='ocrx_word' id='word_1_156' title='bbox 517 2843 621 2906; x_wconf 81' lang='lat' dir='ltr'><strong>silvam</strong></span> <span class='ocrx_word' id='word_1_157' title='bbox 643 2861 802 2922; x_wconf 87' lang='lat' dir='ltr'><strong>ramosque</strong></span> <span class='ocrx_word' id='word_1_158' title='bbox 824 2842 947 2916; x_wconf 79' lang='lat' dir='ltr'><strong>revellit,</strong></span> 
     </span>
     <span class='ocr_line' id='line_1_23' title="bbox 140 2952 973 3036; baseline -0.007 -16"><span class='ocrx_word' id='word_1_159' title='bbox 140 2967 170 3020; x_wconf 76' lang='lat' dir='ltr'><strong>tt</strong></span> <span class='ocrx_word' id='word_1_160' title='bbox 187 2953 315 3034; x_wconf 80' lang='lat' dir='ltr'><strong>l‘rcjicit</strong></span> <span class='ocrx_word' id='word_1_161' title='bbox 335 2954 476 3036; x_wconf 87' lang='lat' dir='ltr'><strong>abreptus</strong></span> <span class='ocrx_word' id='word_1_162' title='bbox 499 2971 534 3016; x_wconf 87' lang='lat' dir='ltr'><strong>ac</strong></span> <span class='ocrx_word' id='word_1_163' title='bbox 555 2953 698 3034; x_wconf 86' lang='lat' dir='ltr'><strong>dissipat,</strong></span> <span class='ocrx_word' id='word_1_164' title='bbox 720 2953 802 3033; x_wconf 88' lang='lat' dir='ltr'><strong>itque</strong></span> <span class='ocrx_word' id='word_1_165' title='bbox 825 2952 973 3033; x_wconf 87' lang='lat' dir='ltr'><strong>superbus</strong></span> 
     </span>
     <span class='ocr_line' id='line_1_24' title="bbox 186 3062 988 3142; baseline -0.004 -17"><span class='ocrx_word' id='word_1_166' title='bbox 186 3063 360 3126; x_wconf 85' lang='lat' dir='ltr'><strong>Pulveream</strong></span> <span class='ocrx_word' id='word_1_167' title='bbox 382 3063 492 3128; x_wconf 87' lang='lat' dir='ltr'><strong>nubem</strong></span> <span class='ocrx_word' id='word_1_168' title='bbox 514 3062 649 3136; x_wconf 77' lang='lat' dir='ltr'><strong>volvens,</strong></span> <span class='ocrx_word' id='word_1_169' title='bbox 673 3071 836 3142; x_wconf 90' lang='lat' dir='ltr'><strong>gentesque</strong></span> <span class='ocrx_word' id='word_1_170' title='bbox 859 3062 988 3123; x_wconf 77' lang='lat' dir='ltr'><strong>terarum</strong></span> 
     </span>
     <span class='ocr_line' id='line_1_25' title="bbox 186 3171 981 3254; baseline 0 -20"><span class='ocrx_word' id='word_1_171' title='bbox 186 3173 387 3254; x_wconf 85' lang='lat' dir='ltr'><strong>Pastoresque</strong></span> <span class='ocrx_word' id='word_1_172' title='bbox 409 3191 573 3253; x_wconf 88' lang='lat' dir='ltr'><strong>gregesque</strong></span> <span class='ocrx_word' id='word_1_173' title='bbox 596 3174 664 3252; x_wconf 85' lang='lat' dir='ltr'><strong>luga</strong></span> <span class='ocrx_word' id='word_1_174' title='bbox 686 3171 833 3252; x_wconf 87' lang='lat' dir='ltr'><strong>dispergit</strong></span> <span class='ocrx_word' id='word_1_175' title='bbox 854 3171 981 3252; x_wconf 85' lang='lat' dir='ltr'><strong>agitque.</strong></span> 
     </span>
     <span class='ocr_line' id='line_1_26' title="bbox 229 3278 1095 3366; baseline -0.006 -21"><span class='ocrx_word' id='word_1_176' title='bbox 229 3284 305 3345; x_wconf 83' lang='lat' dir='ltr'><strong>Tum</strong></span> <span class='ocrx_word' id='word_1_177' title='bbox 327 3283 496 3366; x_wconf 60' lang='lat' dir='ltr'><strong>misoculcs</strong></span> <span class='ocrx_word' id='word_1_178' title='bbox 518 3282 608 3344; x_wconf 84' lang='lat' dir='ltr'><strong>sclrit</strong></span> <span class='ocrx_word' id='word_1_179' title='bbox 628 3281 777 3362; x_wconf 87' lang='lat' dir='ltr'><strong>dixitque:</strong></span> <span class='ocrx_word' id='word_1_180' title='bbox 800 3281 866 3343; x_wconf 84' lang='lat' dir='ltr'><strong>lluc</strong></span> <span class='ocrx_word' id='word_1_181' title='bbox 886 3279 981 3358; x_wconf 89' lang='lat' dir='ltr'><strong>dirige</strong></span> <span class='ocrx_word' id='word_1_182' title='bbox 1003 3278 1095 3343; x_wconf 84' lang='lat' dir='ltr'><strong>robur</strong></span> 
     </span>
     <span class='ocr_line' id='line_1_27' title="bbox 184 3391 941 3473; baseline -0.004 -20"><span class='ocrx_word' id='word_1_183' title='bbox 184 3393 289 3466; x_wconf 84' lang='lat' dir='ltr'><strong>Visus,</strong></span> <span class='ocrx_word' id='word_1_184' title='bbox 314 3410 371 3472; x_wconf 87' lang='lat' dir='ltr'><strong>qua</strong></span> <span class='ocrx_word' id='word_1_185' title='bbox 394 3392 493 3454; x_wconf 85' lang='lat' dir='ltr'><strong>cernis</strong></span> <span class='ocrx_word' id='word_1_186' title='bbox 515 3391 630 3473; x_wconf 86' lang='lat' dir='ltr'><strong>spumis</strong></span> <span class='ocrx_word' id='word_1_187' title='bbox 652 3409 812 3454; x_wconf 78' lang='lat' dir='ltr'><strong>enitescere</strong></span> <span class='ocrx_word' id='word_1_188' title='bbox 834 3391 941 3452; x_wconf 89' lang='lat' dir='ltr'><strong>ssuctus</strong></span> 
     </span>
     <span class='ocr_line' id='line_1_28' title="bbox 76 3501 908 3597; baseline -0.01 -29"><span class='ocrx_word' id='word_1_189' title='bbox 76 3508 79 3597; x_wconf 68' lang='grc' dir='ltr'><em>ξ</em></span> <span class='ocrx_word' id='word_1_190' title='bbox 137 3503 272 3574; x_wconf 74' lang='lat' dir='ltr'><strong>nulllus,</strong></span> <span class='ocrx_word' id='word_1_191' title='bbox 296 3503 395 3565; x_wconf 82' lang='lat' dir='ltr'><strong>sumus</strong></span> <span class='ocrx_word' id='word_1_192' title='bbox 418 3502 469 3564; x_wconf 92' lang='lat' dir='ltr'><strong>uhi</strong></span> <span class='ocrx_word' id='word_1_193' title='bbox 490 3502 633 3566; x_wconf 89' lang='lat' dir='ltr'><strong>densatus</strong></span> <span class='ocrx_word' id='word_1_194' title='bbox 655 3501 793 3564; x_wconf 87' lang='lat' dir='ltr'><strong>acerbius</strong></span> <span class='ocrx_word' id='word_1_195' title='bbox 814 3509 908 3579; x_wconf 91' lang='lat' dir='ltr'><strong>urget.</strong></span> 
     </span>
     <span class='ocr_line' id='line_1_29' title="bbox 75 3609 1100 3727; baseline -0.009 -50"><span class='ocrx_word' id='word_1_196' title='bbox 75 3666 78 3727; x_wconf 61' lang='grc' dir='ltr'>Ι</span> <span class='ocrx_word' id='word_1_197' title='bbox 225 3613 287 3676; x_wconf 86' lang='lat' dir='ltr'><strong>Ceu</strong></span> <span class='ocrx_word' id='word_1_198' title='bbox 311 3619 379 3674; x_wconf 86' lang='lat' dir='ltr'><strong>ante</strong></span> <span class='ocrx_word' id='word_1_199' title='bbox 402 3613 544 3676; x_wconf 78' lang='lat' dir='ltr'><strong>infestum</strong></span> <span class='ocrx_word' id='word_1_200' title='bbox 566 3612 737 3692; x_wconf 78' lang='lat' dir='ltr'><strong>chelydrum</strong></span> <span class='ocrx_word' id='word_1_201' title='bbox 759 3611 847 3690; x_wconf 86' lang='lat' dir='ltr'><strong>longo</strong></span> <span class='ocrx_word' id='word_1_202' title='bbox 871 3609 987 3688; x_wconf 89' lang='lat' dir='ltr'><strong>agmine</strong></span> <span class='ocrx_word' id='word_1_203' title='bbox 1009 3627 1100 3672; x_wconf 87' lang='lat' dir='ltr'><strong>ranae</strong></span> 
     </span>
     <span class='ocr_line' id='line_1_30' title="bbox 75 3721 1096 3802; baseline -0.002 -21"><span class='ocrx_word' id='word_1_204' title='bbox 75 3740 77 3781; x_wconf 84' lang='grc' dir='ltr'>ι</span> <span class='ocrx_word' id='word_1_205' title='bbox 183 3721 354 3785; x_wconf 73' lang='lat' dir='ltr'><strong>vanescunt</strong></span> <span class='ocrx_word' id='word_1_206' title='bbox 374 3741 430 3802; x_wconf 90' lang='lat' dir='ltr'><strong>per</strong></span> <span class='ocrx_word' id='word_1_207' title='bbox 450 3739 543 3802; x_wconf 85' lang='lat' dir='ltr'><strong>aquas</strong></span> <span class='ocrx_word' id='word_1_208' title='bbox 565 3732 704 3794; x_wconf 86' lang='lat' dir='ltr'><strong>cunctae,</strong></span> <span class='ocrx_word' id='word_1_209' title='bbox 728 3721 796 3784; x_wconf 90' lang='lat' dir='ltr'><strong>dum</strong></span> <span class='ocrx_word' id='word_1_210' title='bbox 821 3739 955 3802; x_wconf 90' lang='lat' dir='ltr'><strong>quaeque</strong></span> <span class='ocrx_word' id='word_1_211' title='bbox 978 3727 1096 3798; x_wconf 89' lang='lat' dir='ltr'><strong>reperta</strong></span> 
     </span>
     <span class='ocr_line' id='line_1_31' title="bbox 74 3828 917 3943; baseline -0.004 -48"><span class='ocrx_word' id='word_1_212' title='bbox 74 3884 77 3943; x_wconf 48' lang='grc' dir='ltr'><strong>ἱ</strong></span> <span class='ocrx_word' id='word_1_213' title='bbox 182 3832 282 3914; x_wconf 89' lang='lat' dir='ltr'><strong>Stipat</strong></span> <span class='ocrx_word' id='word_1_214' title='bbox 303 3851 336 3894; x_wconf 87' lang='lat' dir='ltr'><strong>se</strong></span> <span class='ocrx_word' id='word_1_215' title='bbox 358 3839 453 3894; x_wconf 90' lang='lat' dir='ltr'><strong>terra:</strong></span> <span class='ocrx_word' id='word_1_216' title='bbox 477 3831 521 3894; x_wconf 87' lang='lat' dir='ltr'><strong>sic</strong></span> <span class='ocrx_word' id='word_1_217' title='bbox 542 3832 610 3913; x_wconf 86' lang='lat' dir='ltr'><strong>plus</strong></span> <span class='ocrx_word' id='word_1_218' title='bbox 632 3849 722 3910; x_wconf 90' lang='lat' dir='ltr'><strong>quam</strong></span> <span class='ocrx_word' id='word_1_219' title='bbox 743 3828 836 3892; x_wconf 89' lang='lat' dir='ltr'><strong>millia</strong></span> <span class='ocrx_word' id='word_1_220' title='bbox 858 3829 917 3892; x_wconf 82' lang='lat' dir='ltr'><strong>vidi</strong></span> 
     </span>
     <span class='ocr_line' id='line_1_32' title="bbox 74 3939 922 4041; baseline -0.007 -36"><span class='ocrx_word' id='word_1_221' title='bbox 74 3946 77 4041; x_wconf 65' lang='lat' dir='ltr'><strong>l</strong></span> <span class='ocrx_word' id='word_1_222' title='bbox 183 3941 359 4004; x_wconf 86' lang='lat' dir='ltr'><strong>Umbrarum</strong></span> <span class='ocrx_word' id='word_1_223' title='bbox 381 3940 521 4004; x_wconf 87' lang='lat' dir='ltr'><strong>extremis</strong></span> <span class='ocrx_word' id='word_1_224' title='bbox 542 3939 731 4004; x_wconf 81' lang='lat' dir='ltr'><strong>moeroribus</strong></span> <span class='ocrx_word' id='word_1_225' title='bbox 753 3957 922 4000; x_wconf 84' lang='lat' dir='ltr'><strong>eversarum</strong></span> 
     </span>
     <span class='ocr_line' id='line_1_33' title="bbox 73 4048 1084 4141; baseline -0.003 -29"><span class='ocrx_word' id='word_1_226' title='bbox 73 4088 76 4141; x_wconf 58' lang='lat'><strong>¹</strong></span> <span class='ocrx_word' id='word_1_227' title='bbox 136 4061 166 4115; x_wconf 74' lang='lat'><strong>⁷5</strong></span> <span class='ocrx_word' id='word_1_228' title='bbox 182 4051 332 4132; x_wconf 77' lang='lat' dir='ltr'><strong>Diffugere</strong></span> <span class='ocrx_word' id='word_1_229' title='bbox 354 4059 423 4114; x_wconf 87' lang='lat' dir='ltr'><strong>ante</strong></span> <span class='ocrx_word' id='word_1_230' title='bbox 445 4049 558 4124; x_wconf 86' lang='lat' dir='ltr'><strong>virum,</strong></span> <span class='ocrx_word' id='word_1_231' title='bbox 582 4050 664 4114; x_wconf 87' lang='lat' dir='ltr'><strong>sicce</strong></span> <span class='ocrx_word' id='word_1_232' title='bbox 687 4049 763 4132; x_wconf 88' lang='lat' dir='ltr'><strong>pede</strong></span> <span class='ocrx_word' id='word_1_233' title='bbox 786 4049 836 4129; x_wconf 88' lang='lat' dir='ltr'><strong>qui</strong></span> <span class='ocrx_word' id='word_1_234' title='bbox 859 4048 936 4110; x_wconf 87' lang='lat' dir='ltr'><strong>cstia</strong></span> <span class='ocrx_word' id='word_1_235' title='bbox 959 4056 1084 4128; x_wconf 86' lang='lat' dir='ltr'><strong>propter</strong></span> 
     </span>
     <span class='ocr_line' id='line_1_34' title="bbox 73 4152 993 4226; baseline -0.004 -2"><span class='ocrx_word' id='word_1_236' title='bbox 73 4152 76 4195; x_wconf 84' lang='lat'><strong>¹</strong></span> <span class='ocrx_word' id='word_1_237' title='bbox 181 4161 305 4226; x_wconf 83' lang='lat' dir='ltr'><strong>Flumen</strong></span> <span class='ocrx_word' id='word_1_238' title='bbox 327 4160 474 4224; x_wconf 86' lang='lat' dir='ltr'><strong>transibat</strong></span> <span class='ocrx_word' id='word_1_239' title='bbox 496 4161 636 4223; x_wconf 80' lang='lat' dir='ltr'><strong>Srrcruu.</strong></span> <span class='ocrx_word' id='word_1_240' title='bbox 679 4158 860 4222; x_wconf 84' lang='lat' dir='ltr'><strong>llemorebat</strong></span> <span class='ocrx_word' id='word_1_241' title='bbox 882 4158 919 4220; x_wconf 92' lang='lat' dir='ltr'><strong>ab</strong></span> <span class='ocrx_word' id='word_1_242' title='bbox 942 4177 993 4220; x_wconf 90' lang='lat' dir='ltr'><strong>ore</strong></span> 
     </span>
    </p>
   </div>
   <div class='ocr_carea' id='block_1_3' title="bbox 73 4208 76 4279">
    <p class='ocr_par' dir='ltr' id='par_1_3' title="bbox 73 4208 76 4279">
     <span class='ocr_line' id='line_1_35' title="bbox 73 4208 76 4279; baseline 0 0"><span class='ocrx_word' id='word_1_243' title='bbox 73 4208 76 4279; x_wconf 87' lang='lat' dir='ltr'><strong>l</strong></span> 
     </span>
    </p>
   </div>
   <div class='ocr_carea' id='block_1_4' title="bbox 72 4268 996 4351">
    <p class='ocr_par' dir='ltr' id='par_1_4' title="bbox 72 4268 996 4351">
     <span class='ocr_line' id='line_1_36' title="bbox 72 4268 996 4351; baseline -0.001 -20"><span class='ocrx_word' id='word_1_244' title='bbox 72 4303 75 4331; x_wconf 41' lang='grc' dir='ltr'>τ</span> <span class='ocrx_word' id='word_1_245' title='bbox 179 4273 255 4333; x_wconf 74' lang='lat' dir='ltr'><strong>Aera</strong></span> <span class='ocrx_word' id='word_1_246' title='bbox 278 4279 468 4343; x_wconf 82' lang='lat' dir='ltr'><strong>concretum,</strong></span> <span class='ocrx_word' id='word_1_247' title='bbox 492 4270 692 4351; x_wconf 84' lang='lat' dir='ltr'><strong>praetendens</strong></span> <span class='ocrx_word' id='word_1_248' title='bbox 714 4287 805 4350; x_wconf 87' lang='lat' dir='ltr'><strong>saepe</strong></span> <span class='ocrx_word' id='word_1_249' title='bbox 826 4268 996 4341; x_wconf 68' lang='lat' dir='ltr'><strong>sinistrant</strong></span> 
     </span>
    </p>
   </div>
   <div class='ocr_carea' id='block_1_5' title="bbox 0 0 1562 5162">
    <p class='ocr_par' dir='ltr' id='par_1_5' title="bbox 0 0 1562 5162">
     <span class='ocr_line' id='line_1_37' title="bbox 0 0 1562 5162; baseline 0 6"><span class='ocrx_word' id='word_1_250' title='bbox 0 0 1562 5162; x_wconf 95' lang='lat' dir='ltr'><strong> </strong></span> 
     </span>
    </p>
   </div>
  </div>
 </body>
</html>
