3224 5166
779 389 959 440 ruusstroutt
978 389 1014 438 Vl.
1496 408 1500 470 p

396 606 494 686 Usque
517 614 595 668 ortes
617 607 716 686 poscit
737 606 856 668 solertis
879 593 1016 668 acumine
1039 607 1160 680 meede,

395 716 433 776 Et
455 715 565 776 luorum
589 724 758 777 otrentum
781 715 911 791 ingenite
933 715 1040 776 vincte
1062 725 1187 794 repente

396 825 494 887 Movit.
517 857 559 890 -,·-
580 824 635 886 Uhi
658 834 704 886 est
726 825 870 888 exstincto
892 823 974 895 dies,
998 823 1124 900 caligine
1146 823 1252 888 vallem

204 959 209 968 ·
331 935 419 994 titul
440 933 527 996 Proto
550 933 655 1012 Magno
678 935 708 995 in
731 933 996 995 coelumsublime
1018 933 1159 996 minentis

394 1042 503 1104 llontis
525 1043 561 1104 ed
585 1061 680 1121 usque
698 1042 804 1121 jugum
825 1043 905 1104 texit.
950 1043 1023 1104 Dein
1045 1042 1176 1122 desuper
1197 1047 1331 1106 aethrem

395 1151 572 1222 Admonuit,
597 1153 753 1230 loetusque
776 1151 808 1212 in
830 1169 937 1231 aquom
959 1152 1132 1214 dissolvitur
1152 1159 1213 1214 een.

377 1258 379 1267 '
437 1259 635 1338 Praecipitant
655 1261 784 1333 imbres,
807 1268 836 1322 et
858 1279 933 1340 quos
951 1260 1012 1342 jorn
1034 1269 1113 1324 terra
1135 1262 1278 1344 nequibat

395 1370 554 1448 Accipere,
576 1370 606 1430 in
630 1371 729 1450 losses
751 1370 818 1431 tulit
839 1371 981 1450 impetus,
1004 1377 1094 1450 utque
1117 1371 1236 1434 fluentis

331 1478 460 1541 lutilos
483 1475 562 1540 solet
582 1495 650 1540 esse
672 1478 797 1558 amplis,
817 1479 914 1541 undee
936 1487 1050 1541 traxere
1072 1479 1188 1541 ruinam

397 1587 469 1648 Tem
492 1586 595 1667 rapide
617 1587 648 1648 iu
670 1588 916 1665 llumenregele,
941 1588 1074 1652 utnulla
1095 1588 1206 1679 celeret

397 1696 446 1756 llis
468 1695 629 1774 prohibere
642 1696 769 1760 melum.
813 1697 877 1760 lleo
898 1698 1009 1774 frigore
1030 1697 1162 1761 membre
1183 1699 1281 1762 solute

395 1805 533 1867 indomiti
555 1804 797 1868 Archippi-furor
816 1808 912 1868 eulert
934 1806 1088 1886 improbus
1109 1807 1202 1887 ioque

395 1916 507 1977 Arnum
529 1913 673 1994 conjecit,
695 1914 841 1994 solvitque
863 1935 880 1978 e
901 1924 1022 1995 pectore
1045 1932 1158 1989 nerem,

332 2039 380 2092 tto
396 2025 493 2098 Quem
514 2024 619 2094 iecere
635 2040 755 2086 crucem
774 2024 849 2086 mihi
870 2023 1006 2098 brochis,
1030 2043 1097 2087 oum
1119 2025 1205 2088 dolor
1225 2027 1333 2104 ingens

395 2134 443 2196 lle
464 2133 533 2195 vicit
553 2132 712 2204 domitum,
735 2141 764 2195 el
784 2151 840 2212 per
860 2133 939 2212 ripas
962 2134 1051 2196 rolrit
1073 2143 1104 2196 et
1123 2136 1216 2198 imum

396 2243 455 2304 Per
477 2241 615 2316 lundum;
637 2242 744 2304 deinde
766 2243 832 2321 ipse
853 2261 907 2305 sue
929 2243 1059 2305 unctum
1080 2253 1169 2324 etque
1190 2247 1355 2310 redonum

397 2351 530 2414 Advolrit
551 2351 670 2430 praede.
714 2351 738 2412 0
760 2351 871 2430 patries
893 2369 963 2414 eum
983 2371 1088 2415 rursus
1101 2355 1193 2417 edire

397 2461 452 2526 l'os
475 2461 528 2522 tibi
550 2461 607 2522 erit
627 2468 739 2533 terres,
760 2459 938 2540 dabiturque
960 2461 1116 2541 quiescere
1137 2465 1226 2543 longo

332 2572 420 2638 reni
442 2588 531 2631 cursu
553 2577 641 2649 etque
662 2567 765 2632 labore
785 2569 849 2632 vire
871 2555 929 2644 (sie
949 2570 1008 2633 lete
1030 2572 1192 2637 secundent

397 2679 497 2740 Tertia
518 2685 589 2758 post
609 2679 738 2740 animm
759 2683 834 2763 est),
856 2679 935 2742 lreud
958 2679 1138 2744 obliviscere
1157 2681 1270 2746 nostrii

272 2806 273 2814 ¹
398 2787 470 2849 Suro
491 2786 560 2859 Pru,
584 2788 854 2863 mesenensem
876 2790 1064 2869 confecitque
1084 2790 1254 2866 lleremmu,

398 2896 520 2976 Scitque
539 2895 700 2968 haecine,
721 2897 806 2975 prius
826 2898 899 2960 milui
921 2899 971 2979 qui
994 2899 1117 2963 donent
1137 2899 1249 2964 hebere

397 3003 568 3078 lunellum,
590 3005 763 3086 sociumque
783 3006 841 3068 tori
862 3025 1044 3088 uxoremque
1064 3018 1194 3073 vocent

899 3265 954 3350 ll.

438 3441 556 3504 ludere
576 3441 628 3502 uhi
650 3441 717 3506 telis
739 3451 970 3518 cessaturum,
992 3447 1085 3508 corde
1105 3446 1230 3512 dolenti.

397 3551 462 3615 stat
482 3551 575 3613 victus
598 3551 764 3630 repetitque
784 3553 880 3626 vices,
902 3573 938 3618 eo
959 3555 1087 3635 denique
1109 3557 1205 3621 tristis

397 3659 501 3721 Discit.
545 3659 693 3722 Victorem
714 3662 849 3740 sequitm
870 3681 943 3741 gens
965 3673 1041 3740 tote,
1064 3667 1218 3747 prositque

398 3768 495 3839 Unus,
517 3786 645 3848 eumque
667 3769 741 3832 ulter
762 3771 881 3850 prendit
901 3782 972 3852 post
991 3781 1119 3855 torques
1132 3778 1156 3839 it
1175 3775 1249 3840 ulter

365 3875 443 3940 old
463 3875 540 3939 tems
562 3884 649 3958 etque
666 3879 755 3960 jubet
774 3881 956 3944 meminisse.
1000 3884 1085 3947 lleud
1106 3884 1158 3947 ille
1179 3887 1302 3950 remittit

399 3986 458 4059 ire,
482 3995 510 4048 et
523 4005 610 4048 ¹outre
631 4005 719 4050 eures
741 3990 806 4064 isti,
829 4009 908 4054 nuuc
929 3993 1066 4057 amovet
1086 3994 1138 4067 illi,

399 4095 511 4174 cuique
533 4113 652 4159 manum
673 4099 785 4177 porgit,
808 4119 895 4164 meos
915 4103 1083 4182 importum
1104 4105 1217 4168 recedit

397 4205 529 4268 lnsteodi
549 4205 692 4280 ulteriore
713 4217 845 4272 removet
866 4211 911 4274 sic
931 4210 998 4291 ipse
1019 4222 1194 4295 sequentem

398 4313 537 4376 Turbam.
581 4313 756 4385 Nonsecus
778 4318 838 4382 hoc
858 4320 996 4386 versatu
1017 4321 1050 4384 in
1070 4323 1188 4401 agmine
1207 4323 1297 4403 omni,
