3136 5164
493 373 1249 384 ..μ-.-Μῄ-
1262 377 1371 385 ——--
1387 377 1458 386 —q--

315 431 377 494 310
783 429 917 480 ιιιιιιιιει
936 429 974 478 ιιι.

267 526 565 536 -.-..—-----—.

382 649 450 729 lpsa
471 649 548 711 hano
570 648 606 710 nd
630 663 735 728 paoem
755 665 791 708 ex
812 664 910 725 poena
933 644 1080 726 exilioque
1102 647 1218 710 volarit.

317 763 365 817 125
382 758 510 838 Adspice
532 765 693 838 praeterea,
714 755 862 834 fulgentes
883 755 1000 818 mittere
1022 757 1156 818 flammas

383 869 496 930 lsruoru
519 867 646 929 animam
668 865 832 936 ardentem,
853 864 1023 944 Beuasque,
1046 866 1170 946 viroque

383 977 512 1058 llajoris,
535 985 617 1039 vasta
640 976 711 1038 dum
732 974 822 1051 agitat
842 973 980 1036 sublimia
1001 983 1110 1049 mente,

384 1087 542 1154 Ruentem.
586 1086 646 1148 lste
669 1092 723 1159 est,
745 1083 825 1146 unde
846 1083 888 1146 tui
911 1083 1018 1146 adme
1040 1083 1150 1147 lomina
1165 1086 1247 1148 visus

386 1196 426 1257 Se
448 1196 589 1267 raserunt,
611 1196 726 1258 animae
747 1193 899 1274 splendor,
923 1193 970 1254 oui
993 1193 1108 1255 toneris
1129 1195 1203 1256 lrora

319 1319 369 1372 tao
386 1305 483 1368 Tarda
506 1305 595 1367 nimis
617 1304 678 1366 visa
700 1311 745 1364 est
766 1301 921 1364 meditanti
943 1303 1047 1382 gaudia
1070 1313 1183 1364 nostra.

386 1417 502 1478 Srosuu
524 1423 643 1476 aeterna
664 1413 740 1474 haec
758 1412 809 1473 lux
831 1420 887 1485 est,
910 1429 998 1491 quem
1021 1403 1163 1475 stramine
1185 1412 1284 1478 diotus

384 1525 540 1586 [licentem
562 1521 672 1584 audivit
691 1521 783 1594 visus,
806 1539 875 1582 vera
896 1539 984 1604 aspra
1006 1522 1135 1601 peritum

386 1633 536 1696 luridiosa
556 1631 670 1694 homiui
693 1629 871 1693 concludere
894 1629 1085 1710 syllogismis.

386 1743 470 1816 Exin,
495 1759 549 1802 oeu
572 1749 682 1803 eertum
705 1759 780 1820 quae
802 1739 937 1801 machina
959 1741 1080 1804 nunoiat
1100 1741 1214 1815 horam,

322 1867 371 1922 135
388 1853 473 1915 'luno
496 1869 562 1913 oum
584 1869 695 1930 sponsa
716 1850 771 1912 Dei
793 1849 888 1927 surgit
909 1849 964 1910 sub
986 1869 1072 1912 mene
1095 1851 1243 1914 novellum

388 1963 508 2042 Sponso
530 1967 717 2022 accantatura
738 1978 803 2031 suo,
826 1958 884 2020 sibi
905 1969 938 2021 ut
959 1953 1067 2039 aequet
1087 1976 1229 2028 amorem.

390 2071 481 2152 Cujus
502 2087 572 2149 pars
593 2088 682 2132 unam
704 2069 803 2142 trahit,
827 2077 857 2130 et
877 2077 993 2148 partem
1014 2069 1105 2132 altera
1127 2071 1259 2148 adurget,

389 2181 490 2243 Edem
511 2177 636 2241 tinnitus
658 2197 782 2242 numero
804 2187 862 2240 tam
885 2178 971 2240 dulce
994 2180 1121 2253 sonanti,

390 2291 428 2352 Ut
449 2289 526 2352 bene
548 2288 747 2367 compositum
769 2297 873 2367 peetus
895 2295 1044 2364 turgescat
1067 2309 1189 2366 amore3

325 2409 374 2462 lto
391 2401 442 2462 Sio
463 2399 534 2460 milri
557 2397 723 2478 praesignis
744 2397 854 2459 deeore
876 2405 922 2458 est
942 2406 1006 2460 rota
1028 2399 1090 2460 visa
1112 2401 1234 2476 moveri,

390 2510 429 2571 Et
450 2516 568 2570 eantare
590 2507 695 2580 melos,
718 2515 749 2569 et
767 2508 951 2586 respondere
972 2517 1084 2588 parata,

390 2618 552 2680 Harmonia
573 2617 712 2698 suavique
734 2617 833 2688 modo,
858 2636 945 2697 quem
969 2634 1131 2695 agnoscere
1152 2637 1212 2682 non
1235 2629 1291 2694 est,

392 2727 428 2788 Ni
450 2727 539 2790 sedes
561 2725 659 2798 adeas,
683 2733 802 2790 aeterna
824 2727 875 2789 ubi
896 2727 1003 2804 gaudia
1024 2727 1133 2790 vivunt.

902 2987 959 3070 Xl.

439 3165 463 3228 0
486 3165 592 3227 stultas
613 3164 766 3226 hominum
789 3163 891 3228 ouras!
916 3184 1002 3244 quam
1023 3183 1127 3228 manea
1148 3165 1272 3232 labascit

395 3276 494 3339 Vanae
515 3275 560 3336 vis
583 3273 715 3354 sophiae,
739 3293 814 3354 quae
835 3274 944 3355 pennis
965 3293 1083 3338 uerrere
1104 3285 1212 3340 terram

395 3385 456 3447 Vos
477 3382 579 3447 docet!
601 3384 693 3446 Hiooo
714 3385 834 3465 petebat
852 3383 911 3464 jus,
935 3393 1087 3466 artemque
1107 3387 1247 3450 medendi

397 3494 488 3567 Alter,
511 3501 542 3556 et
561 3492 611 3555 ille
633 3511 736 3556 saeros
758 3491 913 3574 spectabat
934 3503 1038 3558 tonsus
1060 3495 1211 3572 honores;'

365 3603 516 3672 nlliribus
536 3603 594 3676 hio,
616 3602 718 3682 lingua
739 3603 789 3666 hio
809 3622 935 3682 regnum
955 3623 1100 3684 usurpare
1121 3605 1261 3686 parabat3

400 3711 528 3787 Quidam
550 3712 678 3786 iurandi,
701 3713 820 3793 quidam
842 3713 935 3776 civilia
957 3713 1063 3791 mendi

400 3801 663 3894 moeoat'sudu,
685 3823 831 3900 quosdam
852 3823 995 3886 damnosa
1018 3823 1118 3902 latigat

400 3931 434 3993 lu
456 3932 599 3993 Venerem
622 3929 736 4004 rabies,
759 3933 902 4011 quosdam
922 3942 1004 3996 tenet
1025 3934 1115 3996 otium
1137 3935 1259 3998 inertes.

443 4039 497 4102 llis
520 4057 576 4120 ego
598 4047 660 4102 tum
682 4040 800 4119 penitus
822 4041 937 4115 studiis,
961 4043 1101 4123 curisque
1123 4045 1237 4108 solutus

354 4159 386 4211 lo
403 4149 547 4213 Omnibus
569 4149 600 4212 in
621 4149 707 4212 ooelo
729 4157 836 4226 tenum
858 4169 876 4214 o
897 4151 975 4214 bene
996 4163 1065 4216 nata
1085 4153 1227 4228 Butram,

402 4257 556 4322 versabar.
599 4259 685 4321 Venit
705 4258 777 4322 mihi
800 4259 895 4340 gloria
916 4269 995 4324 unta
1014 4272 1149 4344 recepto.

402 4370 563 4450 Postquam
585 4369 711 4450 quisque
731 4368 831 4432 looum
853 4371 974 4435 rediens
995 4373 1155 4436 devenerat
1178 4373 1260 4436 illum
