3136 5164
77 345 81 437 t
579 389 711 440 runrmsr
730 389 788 439 rur.
815 435 818 443 ,
1187 391 1247 452 aul
1300 464 1302 483 Ι

98 483 189 490 ·-.—.—
197 485 337 492 q-——u--u
344 486 371 492 n.
377 484 1056 492 ..-m—m--mmm-
1072 487 1079 492 .

76 578 80 723 ἴ
136 615 168 668 80
187 607 346 687 Contingit,
369 607 458 670 simul
480 617 511 668 et
531 608 629 686 magni
651 615 712 682 est;
735 627 863 688 nemque
884 609 940 670 ista
960 617 1126 687 patescunt,

77 728 79 803 t
186 719 228 781 Te
252 718 431 798 inspiciente
454 719 546 780 Deum
567 718 704 798 propius.
746 718 811 780 dica
832 725 952 798 pectora
974 719 1108 799 comples

77 806 80 933 i
184 828 329 902 Laetitia3
352 827 406 888 sed
427 828 475 889 iac
497 827 617 901 doceas,
640 831 691 906 qui
713 827 827 889 semine
850 846 982 889 amarum

77 940 80 1027 t
185 938 227 1000 Ex
250 937 329 1000 dulci
351 955 471 999 manare
493 945 599 1017 queat;
621 955 700 1008 nam,
723 945 752 998 te
773 937 830 998 ista
851 935 961 1006 locuto,

77 1084 80 1127 ι,
186 1047 270 1110 diens
291 1047 403 1126 pendet
423 1064 529 1126 magna
550 1046 702 1108 dubitandi
724 1046 852 1107 exercita
874 1064 990 1108 caussa.

77 1150 79 1195 ⁵
136 1171 168 1226 85
229 1157 282 1218 Vix
304 1157 379 1218 hsec
400 1156 478 1218 ictus
500 1175 590 1229 eram,
612 1155 711 1218 subito
735 1174 802 1216 curn
824 1153 891 1217 talia
915 1155 1025 1218 reddit:

76 1286 79 1359 j
186 1267 219 1328 Si
242 1266 305 1339 tibi,
327 1265 407 1345 quod
430 1265 542 1346 poscis,
565 1265 637 1327 mihi
658 1283 761 1327 rerum
783 1265 941 1326 ostendere
963 1265 1008 1326 sas
1031 1261 1079 1332 sit,

75 1364 78 1481 i
185 1379 261 1440 Ante
284 1376 388 1438 oculos
409 1375 517 1448 reniet,
540 1373 620 1454 quod
642 1393 721 1438 nunc
743 1383 813 1454 post
833 1383 915 1452 terge
935 1382 1061 1436 tenetur.

75 1516 77 1565 p
187 1487 271 1560 Quae
293 1493 387 1547 totum
408 1483 538 1557 bonitas,
561 1483 641 1562 qnod
663 1483 755 1561 gestis
777 1483 929 1555 scandere,
951 1501 1076 1562 regnum

75 1630 77 1679 Ι
185 1595 282 1658 Volrit
303 1602 406 1674 satque
428 1593 508 1665 iacit,
532 1611 590 1672 qua
610 1601 756 1672 temperat
778 1593 885 1666 omnia,
907 1586 1016 1664 mente,

74 1690 77 1773 ξ
136 1709 170 1760 tto
186 1706 297 1767 Virtute
319 1704 448 1782 ingenita
470 1705 544 1764 haec
566 1704 700 1780 ingentia
717 1721 845 1782 corpora
866 1702 966 1764 donat.

75 1851 77 1875 r
186 1816 248 1876 Nec
269 1813 359 1876 modo
381 1821 500 1876 naturas
523 1831 628 1874 omnes
650 1813 795 1891 sapientia
816 1831 872 1892 per
893 1831 926 1874 se

74 1942 76 1961 ¹
187 1925 305 2005 Optima
328 1922 486 2002 disposuit,
508 1941 611 1984 rerum
632 1931 827 2002 prospexerat
849 1921 924 2001 ipsis

74 2030 77 2083 1
187 2035 282 2116 Atque
304 2032 391 2096 saluti
413 2033 530 2096 horum.
573 2031 648 2093 Nam
670 2030 814 2110 quidquid
836 2031 963 2110 percutit
984 2041 1065 2094 artus

74 2118 77 2213 1
186 2145 256 2218 iste,
279 2143 315 2204 ad
339 2143 527 2222 propositum
548 2142 638 2204 finem
661 2141 823 2203 descendat
844 2148 970 2220 oportet,

137 2268 170 2320 at
186 2255 251 2316 Non
275 2271 364 2314 secus
386 2269 421 2314 ac
442 2251 535 2312 telum
551 2251 670 2330 jussum
692 2250 863 2326 contingere
886 2249 1015 2328 signum.

186 2365 222 2427 Ni
246 2364 343 2436 iaciat,
367 2359 492 2431 coelum,
515 2359 594 2439 quod
618 2359 695 2430 obis,
717 2360 761 2421 sic
783 2359 886 2422 ederet
907 2378 994 2420 omne

74 2466 77 2557 1
186 2475 351 2553 inceptant,
373 2480 406 2533 ut
427 2470 526 2551 possis
547 2470 606 2530 hoc
628 2469 823 2548 aequiparare
844 2470 964 2531 ruirrae:
1097 2457 1103 2468 ’

75 2564 77 2637 d
186 2583 280 2662 idque
302 2581 407 2660 nequit
427 2580 502 2654 ficri,
524 2580 554 2641 ni
577 2597 661 2641 mens
684 2579 758 2640 haec
778 2587 857 2640 astra
879 2587 1048 2640 merentum

75 2686 77 2741 Ι
186 2693 334 2756 [reficeret
353 2707 500 2768 mensque
522 2688 570 2750 illa
592 2688 675 2768 prior
696 2688 795 2750 minus
817 2699 884 2767 apta
902 2688 1026 2768 jaceret.

124 2812 171 2866 lto
186 2803 278 2863 Visne
301 2801 395 2877 magis
416 2797 509 2860 nitide
530 2798 589 2860 hoc
611 2817 666 2878 per
686 2817 734 2860 me
756 2815 940 2877 cognoscere
961 2795 1075 2878 posse?

228 2912 305 2974 liuic
327 2925 398 2986 ego:
420 2907 468 2970 Nil
489 2908 582 2981 ultra3
604 2908 669 2970 fieri
692 2927 751 2970 non
773 2927 866 2988 posse
888 2909 1012 2982 fatebor,

74 3028 77 3127 i
188 3021 225 3084 Ut
247 3019 337 3101 quod,
361 3037 437 3098 opus
460 3017 558 3088 inerit,
581 3026 685 3080 natura
707 3037 812 3098 parare
834 3027 979 3097 gravetur.

74 3138 77 3201 Ι
230 3132 283 3194 ille
305 3139 417 3191 autem:
439 3127 528 3189 diedo
550 3128 615 3201 dic,
637 3127 780 3208 numquid
801 3128 905 3208 pejore
927 3128 1057 3188 futurum

74 3218 77 3327 p
189 3240 366 3304 Condicione
387 3247 475 3318 putes
497 3237 658 3310 bominem,
680 3237 739 3298 nisi
762 3237 833 3298 ciris
855 3237 881 3298 is
904 3246 986 3298 esset

125 3369 171 3424 1⁰5
188 3351 221 3413 in
244 3346 354 3412 terris?
375 3347 494 3422 Vemm,
516 3348 675 3428 respondi3
698 3355 728 3410 et
749 3346 828 3408 nulla
849 3346 980 3425 roganda

188 3460 243 3522 Hic
265 3467 311 3520 est
332 3457 373 3518 mi
395 3459 481 3519 ratio.
525 3458 586 3519 Sed
608 3457 758 3537 quomodo
780 3456 854 3520 ciris
876 3457 906 3518 in
928 3456 1001 3519 urbe

76 3552 79 3627 d
187 3569 263 3632 Esse
284 3565 408 3648 potest?
429 3567 503 3629 Nam
524 3567 594 3639 illic,
617 3568 675 3628 nisi
697 3555 764 3646 riuis
787 3567 902 3629 dirersa
925 3573 1065 3646 sequatur

76 3662 78 3693 ¹
188 3679 309 3740 Munera
331 3677 456 3750 diverse,
480 3695 541 3738 non
562 3677 677 3738 vivitur.
722 3675 786 3737 Hoc
808 3675 891 3738 dabis
913 3675 1000 3750 ultro,

76 3772 79 3871 f
189 3789 220 3850 si
243 3787 320 3850 bene
342 3795 520 3866 praeceptor
540 3795 638 3848 vester
660 3785 820 3866 scripsisse
841 3793 969 3866 putetur.

125 3915 173 3967 rto
189 3899 238 3959 Sic
260 3898 287 3958 is
310 3897 466 3958 descendit
485 3913 615 3976 pergens
636 3897 695 3958 huc
718 3913 812 3976 usque
834 3896 998 3974 gradatim

77 4070 79 4099 Ι
188 4007 296 4068 Postea
319 4006 481 4067 conclusit:
503 4005 641 4068 Diversae
663 4023 734 4084 ergo
757 4023 882 4068 necesse
904 4013 951 4066 est

77 4102 79 4183 ξ
188 4117 361 4178 i'estrornm
384 4135 452 4178 esse
474 4133 598 4195 operum
619 4115 747 4178 radices.
790 4115 924 4195 Namque
947 4113 1068 4176 Solonis

77 4198 79 4255 !
187 4225 271 4287 Unus
291 4224 383 4286 habet
403 4233 525 4304 pectus3
547 4225 658 4286 Xerxes
681 4225 731 4288 hic
752 4226 900 4299 nescitum
922 4223 972 4286 ille

77 4304 80 4417 ,Ι
188 4333 425 4410 Melchisedech3
448 4334 533 4408 aiter,
554 4335 605 4415 qui
626 4332 1308 4546 aad&

77 4462 81 4529 Ι
