3142 5166
95 450 97 485 Ι
585 402 765 452 Punctttttttt
783 403 824 452 ΙΙΙ.

94 510 97 591 Ι

94 618 97 775 ι
204 615 352 697 Quodque
376 619 447 680 lecit
468 619 564 698 prior,
588 628 619 682 et
640 619 752 682 laniunt
772 637 834 681 uuo
855 619 959 682 ordine
982 629 1114 691 cnuctse,

94 780 97 793 ‚
155 723 186 776 ⁷5
203 725 318 788 Densae
340 727 472 789 humeris
493 727 565 789 huic
586 728 622 790 ad
645 729 781 808 dorsum,
805 727 831 790 si
854 729 930 790 lorte
951 737 1091 803 moratur,

202 834 396 915 Simplicitate
418 836 483 918 pari
506 837 635 910 dociles,
657 837 826 916 pariterque
848 837 976 917 quietae,

201 944 298 1022 Atque
321 945 350 1006 id
373 946 424 1025 qui
447 946 601 1024 ignorant:
624 964 679 1024 ego
703 956 772 1010 tunc
794 945 936 1010 accedere
958 946 1026 1020 ridi,

203 1053 261 1126 Qui
284 1062 374 1132 capnt
394 1055 474 1116 illius
496 1056 595 1132 gregis
617 1054 680 1117 ibat
701 1063 781 1117 sorte
802 1055 880 1118 beati

93 1186 96 1200 ·
203 1163 352 1225 Gestautis
374 1163 487 1243 puriter
507 1165 599 1226 decus
622 1164 756 1236 incessu,
781 1182 832 1226 ure
853 1164 1008 1245 pudorem.

153 1285 185 1339 en
202 1273 310 1334 Vemm
330 1281 365 1334 ut
383 1272 466 1334 humi
487 1272 585 1336 lucem
606 1292 677 1352 prne
699 1292 733 1334 se
753 1272 854 1336 ridere
875 1279 1041 1345 retractam,

200 1383 246 1444 lle
268 1382 403 1444 dextrum
426 1381 585 1462 objiciente
606 1382 778 1454 humerum,
801 1381 852 1461 qui
874 1382 1043 1444 extenderat
1063 1383 1195 1446 umbram

200 1492 225 1552 Δ
246 1509 294 1554 me
316 1492 352 1554 ad
374 1491 562 1571 speluncam:
585 1508 659 1568 gens
682 1491 780 1553 omnis
802 1491 929 1562 restitit,
951 1509 985 1552 ac
1007 1510 1040 1553 se

200 1601 324 1664 Paulum
347 1602 479 1675 retraxit,
502 1601 693 1680 reliquaeque
715 1599 792 1662 hauc
812 1619 891 1680 pune
913 1609 1040 1672 secutae,

200 1711 339 1789 lgnarse,
362 1729 453 1790 quare
475 1711 505 1772 id
527 1712 625 1783 lieret,
649 1727 768 1772 cessere
790 1709 919 1772 vicissim

151 1833 183 1886 85
199 1821 299 1883 Retro.
327 1853 359 1864 -
385 1820 427 1882 lle
448 1820 555 1882 restris
578 1835 754 1900 quamquam
775 1837 822 1880 me
844 1837 932 1880 nemu
953 1819 1074 1895 rogavit,

89 1954 93 2037 p
200 1930 303 2002 Hunc,
327 1946 414 2009 quem
436 1928 606 2009 suspicitis,
627 1936 748 1990 terreno
770 1945 896 2006 corpore
918 1946 1044 2007 opacum

89 2040 92 2095 Ι
198 2039 275 2101 Esse
298 2055 353 2115 ege
377 2039 535 2110 confiteor,
559 2055 725 2117 perquem
746 2037 835 2100 modo
857 2037 928 2100 lissa
949 2036 1065 2099 ridetur

88 2132 91 2213 Ι
198 2149 263 2211 Lux
285 2147 392 2210 solaris
414 2147 506 2209 humi.
551 2147 649 2208 llirari
671 2146 818 2220 absistite,
842 2154 871 2208 et
891 2147 989 2226 ipsum

88 2216 91 2269 Ι
198 2258 264 2319 Nun
287 2258 354 2318 sine
375 2257 504 2318 demissa
527 2255 602 2318 coeli
625 2255 730 2318 virtute
751 2263 851 2334 putate

87 2394 90 2469 ;
149 2379 181 2430 tto
199 2367 366 2440 Quaerere,
390 2385 447 2446 qua
470 2372 593 2445 superet
613 2365 762 2427 munimen
784 2365 905 2445 parietis
927 2365 1026 2445 hujus.

87 2485 89 2522 ¹
197 2476 279 2538 'l'alia
302 2483 487 2555 praeceptor.
530 2475 702 2554 lliguusque
724 2475 870 2536 exercitus
892 2474 957 2537 ille:

86 2568 89 2671 ξ
195 2587 283 2650 Ferte
306 2586 395 2664 igitur
416 2603 537 2663 gressus
559 2593 639 2645 retro
663 2583 808 2663 nobisque
830 2584 951 2664 praeite,

85 2718 88 2757 t
196 2695 374 2776 llsspnudit,
398 2695 488 2756 dorso
511 2711 651 2755 manuum
673 2693 753 2755 velut
773 2693 871 2755 indice
893 2703 983 2756 tante.

237 2807 319 2868 Unus
342 2813 371 2865 at
393 2823 429 2864 ex
449 2802 506 2864 illis
530 2803 642 2882 coepit:
667 2801 842 2882 Quicunque
864 2804 979 2866 vocans

83 2945 86 3001 q
146 2925 177 2978 ⁹5
195 2916 240 2978 'lu
262 2917 308 2978 sic
330 2911 489 2984 incedens,
512 2912 616 2974 oculos
640 2921 776 2973 converte
798 2919 909 2992 tuoque

83 3014 85 3082 Ι
194 3026 282 3087 l'olre
305 3023 419 3094 animo,
442 3040 478 3084 an
501 3021 597 3082 vultus
619 3021 680 3082 illic
701 3021 889 3100 perspexeris
911 3041 1038 3102 uuquam

82 3116 85 3203 ,Ι
193 3125 346 3192 Nostros?
368 3132 495 3211 llespexi
517 3131 612 3206 figens
633 3149 699 3192 mea
719 3131 830 3192 lumina
852 3131 881 3192 in
905 3131 998 3193 illum.

82 3298 84 3325 Ι
193 3237 300 3302 Flavus
324 3251 400 3314 erat,
424 3241 564 3320 pulcher,
588 3241 681 3300 lnrms
704 3240 883 3318 spectandus
905 3241 1038 3312 honesta,

81 3361 85 3401 t
192 3349 294 3428 lisque
317 3350 485 3430 superciliis
507 3367 598 3410 unum
620 3349 758 3410 diviserat
779 3349 870 3410 ensis.

81 3437 83 3446 ¹
132 3466 176 3518 1⁰⁰
234 3459 320 3522 Vultu
344 3460 395 3522 ubi
416 3459 547 3522 demisso
569 3477 617 3519 me
639 3477 768 3538 unquam
789 3458 899 3522 vidisse
921 3459 1037 3536 negavi:

20 3627 25 3636 ,
80 3624 82 3651 Ι
192 3568 294 3641 illam,
317 3571 426 3648 iuquit,
449 3567 556 3630 cernel
578 3577 665 3648 atque
687 3569 718 3628 in
740 3587 856 3630 summo
879 3577 999 3648 pectere
1020 3567 1126 3631 vulnus

81 3728 82 3741 ,
192 3677 332 3740 Ostendit
353 3679 530 3759 ridensque:
554 3677 615 3756 Ege
638 3696 703 3740 snm
725 3678 932 3748 Manrnsnrns,
956 3677 1044 3748 addit

80 3817 82 3831 ·
190 3787 397 3867 luduperstrix
419 3807 507 3866 quem
531 3787 700 3849 Constantia
723 3787 802 3850 lassa
823 3795 961 3865 nepotem
984 3797 1038 3849 est

192 3896 290 3969 Quare
313 3916 367 3958 nro
390 3909 436 3968 ut,
459 3905 572 3958 vestras
595 3895 682 3957 simul
704 3915 738 3958 ac
760 3895 902 3958 remearis
922 3897 959 3958 ad
981 3895 1081 3969 urbes,

127 4014 172 4066 tce
189 4005 348 4068 Pulchram
369 4006 459 4068 adeas
480 4011 592 4080 natam,
616 4024 690 4085 quae
712 4005 742 4066 in
764 4005 885 4066 luminis
908 4004 1000 4066 edidit
1019 4024 1105 4068 aures
1231 4067 1235 4078 ,

78 4123 80 4173 i
188 4115 339 4194 Hispanae
361 4123 391 4177 et
411 4115 528 4177 Siculae
551 4115 646 4192 gentis
668 4115 827 4194 lumenque
850 4115 1011 4194 decusque,

77 4186 80 4300 i
187 4225 234 4286 llli
256 4235 288 4286 ut
309 4244 379 4286 vers
400 4243 506 4296 cauae,
530 4225 556 4286 si
578 4225 646 4306 quis
669 4224 814 4286 contraria
836 4233 944 4286 narrat.

77 4314 80 4361 ¹
187 4333 348 4416 Postquam
371 4351 419 4396 me
440 4333 575 4410 geminae
596 4333 676 4396 letali
698 4329 817 4396 vulnere
839 4333 942 4414 plagae
1173 4430 1187 4462 a

1136 4435 1167 4484 td
