3124 5170
317 461 359 526 92
739 463 933 516 intendunt!
951 465 1026 516 uli.
1497 476 1500 503 ¹

331 683 536 756 devenimus,
560 683 639 744 unde
659 681 734 746 silex
756 702 789 744 se
811 689 941 746 exbcmo
964 682 996 744 in
1017 683 1128 746 vertice
1149 686 1269 750 scindit.

424 793 476 856 Sic
496 792 646 872 pulmonis
668 801 732 854 erat
752 791 826 855 mibi
847 792 892 854 vis
913 801 1051 856 emuncta
1073 793 1223 869 micantis,

382 905 456 966 Cum
477 921 569 982 super
590 901 685 976 evasi,
707 909 741 964 ut
761 919 896 981 gressum
918 903 994 966 ultra
1017 904 1096 966 terre
1119 905 1282 985 neordrem,

383 1013 462 1088 Quin
484 1013 544 1074 imo
567 1011 633 1074 sedi
654 1029 742 1092 quarn
763 1011 902 1091 primum.
945 1013 983 1076 lt
1004 1012 1075 1075 talia
1096 1013 1221 1078 doctor:

382 1123 433 1186 Sic
455 1131 502 1186 cst
522 1120 709 1184 discutienda
731 1120 786 1184 tibi
806 1120 947 1185 socordia
969 1120 1086 1196 moilis;

330 1241 364 1295 45
380 1233 455 1294 Nam
477 1231 527 1312 qui
550 1231 688 1294 suffultus
710 1231 809 1310 pluma
832 1238 988 1311 tectusque
1010 1231 1098 1294 torali

381 1341 516 1413 Desidet,
539 1340 578 1402 ad
599 1341 708 1403 lamam
728 1340 807 1402 baud
830 1341 980 1414 ascendit,
1004 1359 1062 1420 qua
1084 1340 1150 1403 siue
1171 1341 1261 1404 uitam

382 1451 441 1526 oui
462 1451 591 1532 peragit,
614 1449 652 1512 de
674 1467 708 1511 sc
730 1449 854 1529 uestigia
875 1450 945 1513 talia
966 1449 1084 1532 linquit,

382 1560 488 1635 Qualia
511 1561 542 1622 iu
563 1576 677 1622 oceano
698 1577 842 1640 spumae,
864 1559 910 1622 vel
932 1559 963 1623 iu
984 1566 1054 1626 aere
1076 1561 1183 1624 tumus.

382 1671 480 1744 Quare
503 1671 550 1731 lac
572 1687 695 1748 surgas3
716 1668 851 1732 vincatur
871 1668 1003 1748 pectoris
1026 1687 1120 1748 angor

330 1785 364 1839 5⁰
381 1780 624 1859 Qualemounqne
645 1778 744 1842 auimo
766 1779 916 1858 praesenti
938 1778 1057 1842 vincere
1079 1795 1218 1858 pugnam,

379 1889 416 1950 Ni
439 1907 506 1951 sese
528 1888 594 1968 ipse
616 1887 697 1966 graui
720 1887 833 1968 pariter
853 1907 921 1950 oum
942 1907 1070 1968 corpore
1092 1897 1215 1952 sternat.

243 2081 246 2092 Ι
378 2000 444 2063 lam
467 1998 554 2060 uobis
576 2015 653 2078 opos
674 2003 722 2060 ost
742 2015 827 2076 mage
849 1997 953 2076 longas
975 1997 1121 2060 scandere
1142 2000 1254 2062 scales:

380 2109 442 2171 Nec
463 2109 537 2172 satis
559 2107 745 2172 abscessisse
767 2107 895 2182 istbiuc;
917 2107 944 2170 si
965 2107 1058 2170 missa
1080 2127 1135 2188 per
1156 2127 1243 2172 aures

379 2217 499 2299 Accipis
522 2237 617 2299 aequo
638 2217 754 2292 animo,
776 2226 809 2280 tu
830 2235 868 2279 ue
891 2216 956 2279 sine
978 2217 1078 2280 inania
1100 2217 1193 2280 abire.
1215 2251 1257 2264 -

329 2335 362 2390 55
380 2328 464 2390 Tunc
485 2346 541 2407 ego
563 2346 725 2406 consurgo,
749 2339 780 2390 et
799 2345 847 2392 me
868 2326 897 2387 ni
918 2327 1032 2407 majore
1053 2336 1189 2408 paratum

377 2439 478 2512 lacto,
500 2447 532 2500 at
553 2457 611 2518 que
633 2456 692 2500 uon
714 2437 781 2516 ipse
802 2435 876 2498 mibi
897 2436 1011 2516 poliere
1031 2437 1172 2512 videbam

378 2550 489 2628 Atque:
511 2549 525 2610 l
547 2567 639 2628 prae,
661 2546 737 2618 dixi,
761 2564 829 2608 uam
851 2545 950 2609 animo
972 2563 1039 2610 sum
1060 2555 1091 2608 et
1110 2546 1220 2610 robore
1242 2548 1338 2612 nmo.

421 2657 472 2720 Sic
494 2675 549 2719 nos
571 2677 626 2738 per
647 2653 764 2736 scopuli
786 2655 954 2728 salebroso,
977 2666 1119 2734 angusta,
1141 2657 1270 2738 maligna

378 2769 473 2847 Atque
495 2766 606 2829 occliva
628 2765 739 2844 magis,
763 2783 850 2845 quem
873 2783 950 2844 quae
971 2765 1028 2828 luit
1048 2765 1140 2830 altera
1163 2766 1229 2846 ripa

328 2885 362 2938 ou
379 2877 461 2938 Victa
484 2875 576 2949 mibi,
599 2893 757 2938 ascensum
778 2873 917 2955 potimus.
959 2875 1039 2937 Neve
1061 2875 1128 2955 ipse
1149 2885 1272 2956 putarer

378 2985 508 3060 flebilis,
530 2985 727 3058 credebam,
750 2985 827 3065 pede
848 2995 1043 3064 pompeam,
1065 2985 1211 3066 loquelas.

380 3097 479 3170 Quare
499 3115 556 3158 vox
577 3094 636 3158 alia
658 3115 694 3158 ex
716 3095 797 3158 losse
819 3093 893 3156 mibi
914 3094 996 3158 venit
1017 3095 1054 3160 ad
1076 3113 1174 3168 aures,

377 3206 474 3269 Verba
494 3207 587 3268 edens
609 3205 739 3268 bomiuis
760 3223 820 3266 uon
842 3197 1050 3268 convenientia
1072 3205 1201 3284 linguae.

377 3315 486 3377 Nescio
509 3315 580 3396 quid
602 3315 689 3389 dixit,
713 3331 891 3396 quamquam
912 3313 1116 3394 impendentia
1137 3315 1236 3378 fussee

327 3437 360 3491 ob
378 3425 474 3504 Terga
496 3442 582 3488 arcus
604 3443 786 3506 premerem,
809 3423 860 3504 qui
883 3425 934 3488 dat
956 3424 1156 3488 transmittere
1177 3399 1297 3490 curium

255 3496 259 3609 i
378 3533 468 3608 illuc3
491 3544 522 3597 at
541 3534 605 3596 visa
625 3541 673 3598 est
694 3533 825 3598 bominis
846 3553 902 3596 vox
924 3533 973 3596 illa
996 3534 1133 3597 furentis.

255 3624 259 3718 i
377 3643 571 3708 intendebam
593 3643 698 3706 curios
718 3661 850 3723 proous3
872 3643 925 3707 scd
947 3643 1058 3706 lumina
1080 3643 1144 3706 riva

256 3728 259 3866 Ξ
378 3753 531 3816 Obscenae
554 3751 632 3816 baud
654 3760 793 3832 poteraut
814 3753 975 3833 pervadere
998 3753 1034 3815 ad
1057 3753 1157 3816 infima
1181 3752 1283 3828 vallis;

255 3872 259 3975 ι
379 3863 478 3936 Quare
500 3881 555 3942 ego
577 3863 709 3926 ductori:
731 3863 791 3926 Fac
812 3863 943 3943 prendas
965 3863 1057 3926 altera
1080 3862 1163 3943 ripae

327 3978 362 4032 7⁰
378 3971 529 4045 culmina,
553 3991 608 4035 nec
629 3991 745 4036 mecum
767 3972 869 4052 pigeat
889 3973 1073 4036 descendere
1095 3991 1197 4044 muro,

377 4081 530 4161 Namque,
553 4091 586 4144 ut
605 4099 661 4160 epo
683 4081 733 4146 bic
753 4083 885 4145 sonituum
906 4081 1039 4162 accipio,
1062 4101 1119 4146 nec
1140 4080 1270 4162 percipit
1291 4083 1375 4146 auris

379 4190 564 4270 Quidquam,
586 4192 633 4256 sio
654 4191 716 4254 illio
738 4191 840 4266 uideo,
862 4193 917 4256 sed
938 4192 1018 4256 uuila
1042 4191 1166 4256 faenus

376 4299 508 4364 Nosoere
531 4302 582 4364 dat
602 4317 792 4382 quemquam.
813 4335 855 4346 -
879 4302 941 4364 Ulla
964 4301 1017 4366 tibi
1041 4300 1121 4364 baud
1142 4317 1290 4382 respousa
1311 4303 1444 4374 remitto,

378 4411 514 4484 Praeter,
537 4411 594 4485 ait,
618 4412 835 4486 lastemnam
858 4411 884 4474 si
908 4411 976 4492 quis
996 4409 1096 4492 poscit
1117 4410 1253 4484 honesta,
1544 4381 1545 4467 i
