3144 5164
113 580 117 667 p
243 562 276 623 ln
300 563 408 636 medio,
431 562 581 644 similique
602 564 693 626 modo
715 563 881 628 lentescere
903 565 1022 648 ubique.

113 670 117 767 l
179 687 226 739 115
242 671 337 751 loque
359 671 410 733 illo
432 673 531 734 medio
553 672 622 754 plus
644 692 733 754 quem
755 675 875 747 millena
894 678 1044 740 volantum
1148 719 1153 729 ·

242 781 366 859 Agmina
389 799 445 861 ego
466 783 526 845 ridi
548 784 647 863 passis
669 784 838 863 plaudentia
860 787 978 865 pennis,

245 891 368 969 Singula
390 892 561 971 splendoris
583 892 783 974 distinctaque
805 896 917 958 lumine
939 905 969 960 et
990 898 1074 961 artis.

242 1000 373 1062 Lusibus
394 1000 522 1076 illorum,
545 1009 576 1064 et
596 1004 792 1068 concentibus
814 1007 995 1068 arridentem

242 1110 372 1172 llirabar
391 1111 508 1182 taciem.
532 1129 609 1192 qnae
629 1113 733 1176 oculos
755 1114 892 1195 inspecta
913 1116 1021 1180 beabat

178 1227 226 1278 12⁰
243 1222 424 1284 Cunctorum
447 1221 605 1302 Supenrm.
648 1223 736 1297 Quod
756 1225 784 1286 si
804 1225 877 1287 mihi
900 1227 987 1306 copia
1008 1235 1089 1288 tanta

242 1331 331 1393 Esset
351 1330 480 1403 dicendi,
504 1339 612 1410 manta
633 1341 682 1394 est
701 1335 746 1394 ris
767 1334 862 1397 vivida
885 1335 1003 1408 mentis,

241 1443 339 1522 Hujus
361 1459 416 1519 ego
440 1441 528 1520 gaudi
549 1441 704 1504 minimam
726 1451 845 1506 tentare
861 1445 997 1508 canendo

241 1553 308 1615 Non
331 1550 428 1612 ausim
448 1557 574 1630 partem.
618 1551 655 1614 Ut
676 1552 772 1617 delixa
792 1555 964 1634 intentaque
986 1556 1017 1617 in
1038 1556 1138 1633 ignem

243 1661 368 1724 Lumina
390 1668 493 1722 nostra
515 1679 602 1722 suum
622 1661 696 1724 vidit
715 1663 902 1737 Bsauanuus,
924 1665 962 1726 ad
984 1664 1065 1728 illam

177 1779 225 1832 125
244 1773 311 1834 llox
333 1789 387 1832 sua
409 1771 561 1844 convertit,
584 1779 666 1834 tanto
688 1773 888 1840 inflammatus
910 1793 1022 1850 amore,

242 1882 280 1944 Ut
302 1899 369 1942 mea
390 1880 421 1942 in
444 1879 548 1943 obtutu
569 1880 727 1944 haererent
746 1882 901 1946 ardentius
924 1885 991 1946 istc.

705 2141 834 2224 XXXll.

284 2323 322 2383 dt
343 2299 569 2400 contemplator,
590 2339 646 2381 sua
667 2337 756 2399 quem
778 2320 867 2382 trahit
887 2320 965 2383 alma
987 2321 1133 2403 voluptas,

242 2431 309 2494 Non
331 2430 508 2508 dedignatus
530 2430 664 2492 doctoris
686 2441 795 2510 sponte
817 2429 919 2492 sribire

243 2541 393 2614 Officium,
415 2541 468 2601 has
491 2539 619 2618 primum
640 2548 761 2602 sanctas
783 2539 865 2602 dedit
877 2559 938 2630 'ore
960 2541 1112 2621 loquelas:

173 2721 182 2728 ,
244 2651 332 2726 Quod
353 2649 461 2712 uulnus
483 2649 569 2728 Virgo
592 2649 720 2728 genitrix
741 2649 867 2712 occlusit
889 2659 919 2712 et
938 2652 1030 2724 unxit,

209 2765 226 2820 5
244 2762 328 2837 Quae
350 2767 408 2822 stat
429 2759 484 2820 sub
506 2759 618 2840 plantis
639 2759 729 2841 hujus
752 2769 811 2822 mm
833 2759 965 2840 pulchra,
988 2760 1112 2824 reclusit

242 2873 285 2934 dc
307 2869 442 2951 pupugit,
465 2869 520 2931 sub
543 2887 602 2946 qua
622 2869 745 2932 Rucueu
765 2869 907 2950 juxtaque
929 2871 1062 2933 Burrum

242 2981 418 3052 Considunt,
440 2989 473 3041 ut
494 2988 525 3042 et
546 2981 612 3060 ipss
632 2979 727 3054 rides,
749 2979 799 3041 ubi
823 2981 927 3042 tertius
949 2980 1023 3042 crdo

242 3091 346 3154 Sedes·
360 3089 505 3168 designat.
548 3089 733 3162 Heinsius,
755 3089 902 3162 Rapaces,
924 3089 1062 3162 deutrus,

241 3201 280 3262 Et
301 3219 376 3280 quae
398 3197 441 3261 illi
463 3216 573 3279 proava
595 3205 649 3270 est,
672 3198 723 3278 qui
746 3215 879 3260 errorem
900 3198 981 3260 licvit
1002 3215 1100 3260 amare

194 3323 226 3374 lo
243 3310 420 3374 Clamando:
444 3308 589 3371 Miserere
608 3303 685 3370 mei!
706 3341 749 3354 -
769 3309 829 3370 Per
849 3308 951 3370 limina
973 3317 1078 3370 cuncta

242 3421 295 3482 Sic
316 3419 533 3482 descendentes
554 3417 668 3498 poteris
689 3425 824 3498 spectare
845 3417 990 3496 gradatim

242 3531 303 3592 llas
326 3529 431 3603 series,
454 3537 487 3590 ut
508 3544 575 3605 ego,
596 3527 721 3608 proprio
744 3527 795 3606 qui
817 3528 937 3590 nomine
959 3536 1082 3590 eunome

240 3639 377 3721 Appellm
397 3655 639 3717 unumquemque
660 3655 749 3700 rosae
771 3654 948 3716 percurrere
969 3638 1084 3700 crinem

241 3750 363 3812 lloctus.
406 3749 537 3826 Postque
559 3747 693 3826 gradum,
716 3746 767 3826 qui
790 3753 837 3808 est
856 3746 1001 3827 septimus
1024 3749 1138 3821 ordine,
1156 3747 1192 3810 ad
1210 3765 1305 3828 usque

194 3863 225 3915 lt
241 3859 328 3921 lllum
350 3858 515 3921 succedunt
535 3864 699 3937 prognatae
719 3875 737 3918 a
758 3858 902 3936 sanguine
922 3859 1018 3920 Judee

240 3969 388 4031 Heroinae
411 3969 501 4030 inira:
524 3975 650 4029 cunctos
671 3967 703 4029 in
723 3967 798 4029 tiore
820 3968 945 4048 capillos

240 4077 302 4140 Hae
325 4077 482 4153 dirimuut3
505 4097 583 4151 num,
607 4085 697 4156 prout
718 4094 785 4139 sese
807 4078 890 4140 dedit
910 4079 975 4158 ipsa
997 4074 1154 4138 videndam

240 4188 275 4250 lu
298 4187 448 4251 Christum
468 4205 613 4250 conuersa
633 4187 719 4260 tides,
741 4187 781 4250 ita
804 4188 925 4267 paq'etis
946 4187 1040 4249 instar

116 4254 120 4508 Ι
242 4297 350 4361 Sacrae
371 4297 474 4378 partiri
495 4292 591 4360 scalas
611 4297 669 4360 luae
690 4295 748 4358 rite
765 4296 919 4377 jubentur.
1138 4273 1140 4276 ⁵
