3124 5170
541 441 734 494 INFERNORUM
751 445 807 494 xlv.

190 660 247 734 Qui
271 659 398 739 largitus
421 669 493 722 erat.
536 660 624 724 Dedit
645 661 720 722 haec
741 680 886 742 responsa
908 674 1044 742 rogatus:

188 772 222 833 ln
242 754 344 834 medio
366 778 478 834 vastata
501 769 576 835 mari
599 769 684 834 sedet
703 769 820 845 insula,
842 773 961 836 Crustu

188 880 361 962 Appellant,
385 879 471 962 cujus
493 880 549 945 sub
571 899 641 959 rege
663 879 758 972 fuisse
773 881 906 960 pudicus

189 989 333 1056 Narratur
353 989 491 1055 muudus.
534 989 569 1051 vi
592 991 740 1070 quondam
763 990 857 1054 laetus
880 1011 1032 1072 aquarum,

143 1111 174 1164 tto
190 1097 359 1162 Fraudibus
382 1107 412 1160 et
432 1099 543 1178 patulis
564 1117 651 1162 mous
674 1099 783 1178 surgit,
807 1109 837 1162 et
858 1101 966 1164 Iotuos
988 1103 1040 1166 isti

190 1210 305 1271 Nomen
328 1216 406 1283 erat,
429 1227 508 1272 nunc
530 1217 603 1283 stat,
626 1227 681 1272 eeu
703 1227 752 1271 res
775 1219 913 1290 corrupta
936 1222 1064 1285 senecta,

190 1319 352 1392 Desertus,
375 1337 464 1398 quem
483 1319 568 1382 Rura
590 1318 649 1380 sibi
672 1318 819 1382 cunabula
840 1321 902 1382 nati

190 1428 264 1490 rina
287 1428 334 1490 sui
356 1428 437 1507 legit.
480 1428 585 1492 Melius
607 1436 671 1490 rata
693 1429 822 1492 condere
845 1431 955 1497 turtum

189 1538 285 1600 Posse
307 1537 365 1612 ibi,
388 1556 456 1602 cunr
477 1537 582 1612 flebat,
607 1557 678 1600 cava
699 1548 851 1618 tympana,
874 1548 905 1602 et
926 1559 995 1602 aera
1013 1540 1138 1624 jubebat

142 1653 173 1707 to
188 1647 286 1711 Edere
309 1645 444 1710 tinnitus.
487 1648 588 1710 Manet
607 1647 685 1710 intra
706 1646 820 1710 viscera
841 1649 953 1714 montis

188 1758 313 1837 lugens,
336 1764 484 1830 arrectus,
507 1757 658 1818 Dtururue
682 1757 822 1822 immania
844 1759 951 1820 tollens

189 1868 287 1946 Terga
309 1867 434 1928 adversa
455 1884 560 1940 senex,
582 1874 779 1946 prospectans
799 1868 918 1932 moenia
940 1869 1059 1942 Romae,

188 1978 228 2040 Ut
249 1976 414 2058 speculum.
457 1976 563 2038 Vertex
584 1995 620 2038 ex
641 1995 714 2039 auro
736 1976 841 2051 divite,
862 1985 968 2058 pectus

188 2085 376 2166 Brachiaque
398 2093 520 2164 argento
544 2104 579 2148 cx
600 2103 690 2166 puro,
714 2085 822 2148 deinde
844 2105 912 2148 aere
934 2089 1041 2166 rigenti

86 2248 88 2295 Ι
128 2209 172 2262 tou
190 2197 303 2260 Cuncta
325 2195 384 2276 ipsi
407 2203 546 2280 constant
566 2203 652 2256 tenus
674 2195 822 2274 inguinis3
845 2197 945 2260 omnia
967 2199 1045 2260 ferro

85 2316 87 2327 '
188 2306 292 2368 Electo
315 2305 454 2380 interius,
477 2313 597 2385 praeter
616 2303 703 2384 pedis
725 2304 825 2366 infima
848 2305 950 2380 dextri,

192 2413 252 2488 Qui
273 2425 353 2478 terra
374 2415 521 2478 conflatus
542 2426 625 2488 erat,
648 2432 736 2494 quam
759 2424 878 2478 coxerat
898 2415 986 2494 ignis.

189 2525 262 2586 Plus
283 2523 354 2586 huic
376 2523 502 2602 insistit,
525 2541 612 2604 quam
633 2524 716 2586 laevo
739 2533 870 2600 erectus,
893 2534 923 2588 et
943 2527 1009 2607 ejus

190 2636 265 2698 Pars
288 2632 425 2715 quaeris,
448 2653 521 2696 auro
543 2641 683 2714 excepto,
706 2632 841 2714 disrupta
864 2635 974 2698 fatiscit

130 2751 174 2804 too
190 2745 293 2817 Rima,
316 2762 392 2824 quac
415 2743 544 2806 exstiliat
564 2742 705 2806 lacrimis.
746 2744 916 2822 iunguntur
936 2745 968 2806 in
990 2765 1080 2808 uuum

191 2853 255 2918 Hae
277 2860 391 2932 guttae,
414 2860 503 2934 atque
525 2852 597 2914 iilud
619 2851 663 2915 vis
685 2853 789 2916 harum
810 2854 942 2934 perfodit
962 2865 1088 2918 antrum.

192 2966 326 3038 Quarum
347 2963 490 3026 decursus
511 2962 617 3026 vallem
639 2981 672 3024 sc
694 2962 827 3027 immittit
849 2963 878 3026 in
900 2961 991 3038 illam,
1111 2983 1113 2990 ’

191 3073 456 3146 notescerem«,
479 3071 742 3152 Pucsosruouque
765 3073 873 3146 oritur,
896 3077 1081 3156 Srrcrroque
1102 3076 1220 3156 paludis

190 3185 286 3246 Lenta
307 3182 396 3258 rada,
420 3190 508 3262 atque
530 3181 634 3244 eadem
655 3182 713 3244 hoc
735 3189 817 3243 arcto
839 3183 900 3245 ruit
920 3185 998 3246 unda
1020 3185 1115 3248 canali

130 3302 174 3354 11⁰
191 3295 293 3372 Usque
315 3292 400 3366 illuc,
424 3291 502 3354 trude
524 3290 648 3354 ulterius
670 3293 852 3354 descendere
874 3311 933 3356 non
956 3304 1019 3370 est;

192 3405 332 3467 Cocrrorr
355 3414 386 3463 et
401 3399 494 3474 iacit,
516 3408 546 3462 et
568 3419 644 3480 quae
666 3400 727 3462 sint
747 3421 782 3462 ea
805 3410 909 3480 stagna
930 3403 1062 3480 ridebis3

189 3515 355 3593 Propterea
376 3510 516 3573 ulteriora
539 3509 594 3573 tibi
615 3528 695 3572 nuuc
716 3510 816 3574 dicere
837 3531 939 3592 parco.

234 3621 282 3684 llli
303 3639 375 3699 ego:
399 3620 450 3694 Si,
472 3618 600 3684 modicis
622 3620 673 3702 qui
694 3639 774 3684 nunc
796 3620 820 3683 it
839 3621 951 3685 rivulus
974 3624 1070 3699 undis,

190 3733 302 3795 Nostro
324 3730 366 3792 ita
388 3729 424 3792 ab
447 3728 519 3790 orbe
540 3729 649 3804 oritur,
672 3749 725 3792 cur
746 3731 842 3794 solum
864 3741 988 3812 apparet
1008 3733 1040 3796 in
1061 3734 1129 3808 ista,

130 3843 175 3897 115
193 3843 291 3918 Quam
313 3858 416 3904 sumus
439 3839 587 3918 aggressi,
608 3837 698 3920 ripa?
717 3842 748 3902 is
769 3841 842 3902 mihi
864 3841 934 3904 talia
956 3843 1069 3907 reddit:

192 3951 237 4012 Tu
259 3950 321 4013 scis
342 3950 401 4012 troc
422 3949 551 4028 spatium
571 3967 643 4029 gyro
665 3957 803 4014 constare
824 3952 962 4026 rotundo,

190 4061 229 4122 111
251 4058 385 4142 momnis
406 4027 495 4137 lontio
516 4059 703 4140 processeris
724 4059 880 4123 intervallo

191 4170 319 4250 Semper
340 4167 526 4232 descendens
547 4168 663 4243 laesus,
686 4169 751 4232 loca
773 4188 840 4232 oum
863 4171 963 4236 intima
985 4171 1110 4245 adimus,

191 4278 330 4341 Nondum
352 4278 510 4342 circuitum
532 4287 625 4342 totum
647 4297 701 4360 pes
723 4288 827 4342 noster
848 4280 957 4356 obivit;

78 4402 83 4541 ι
130 4393 174 4446 tto
189 4387 282 4462 Hinc,
303 4387 332 4450 si
354 4408 412 4472 qrra
434 4396 558 4470 apparet
577 4387 708 4462 novitas,
731 4388 843 4452 absiste
865 4391 986 4455 moveri.
