3116 5162
745 467 938 520 romanorun
955 466 1015 519 1111.

418 909 489 971 dico
512 925 582 986 ego,
606 923 664 986 quo
688 905 774 986 coepi
796 923 943 986 pergens,
967 905 1059 966 multo
1082 913 1150 967 ante
1173 904 1325 985 praealtae

376 1019 471 1092 Quam
492 1033 608 1079 murum
630 1015 721 1078 turris
741 1015 866 1094 vestigia
889 1024 992 1078 uostm
1014 1014 1159 1088 subirent,

374 1128 418 1190 ad
440 1145 587 1190 summurn
609 1133 729 1188 nosnos
751 1125 855 1187 oculos
877 1124 969 1187 ivisse
992 1141 1133 1187 cacumen

377 1237 422 1300 Ob
444 1235 557 1299 1111111
580 1234 729 1314 geminas,
754 1253 827 1314 quae
848 1234 921 1314 poni
942 1233 1088 1307 vidimus,
1111 1241 1199 1314 atque

343 1345 619 1426 oflespondeutem
640 1343 728 1406 aliam
750 1343 913 1424 longinqua
935 1344 966 1405 in
988 1355 1073 1424 parte
1094 1343 1231 1414 locatam,

376 1455 537 1528 Iudicium,
561 1455 640 1534 quod
660 1453 709 1515 rix
730 1453 795 1516 acie
815 1471 961 1535 usurpare
983 1452 1118 1516 dabatur.

377 1565 476 1638 Quare
497 1562 580 1625 illum
603 1579 776 1642 appensus,
799 1563 885 1644 cujus
907 1562 1054 1643 sapientia
1077 1561 1207 1624 abundat

377 1673 438 1736 Ceu
460 1674 601 1754 pelagus,
623 1671 701 1734 dixi:
725 1671 803 1746 Quid
825 1673 887 1733 vult
907 1673 1025 1734 damma
1048 1668 1128 1734 ista?
1150 1671 1220 1751 quid
1244 1669 1293 1732 illa

376 1780 571 1862 Respondet?
593 1781 714 1861 quinam
737 1777 923 1844 accendere?
944 1813 985 1826 —
1007 1781 1156 1861 Loquelas

328 1902 359 1953 lc
377 1892 431 1954 1111
452 1891 536 1954 dedit
558 1891 647 1952 tales:
670 1889 727 1953 Per
749 1889 871 1952 flumina
893 1890 989 1952 lurida
1012 1908 1105 1952 coeno

374 1999 516 2064 1111111111
540 1999 688 2064 cemeoda
712 2009 758 2062 est
778 2017 827 2062 res
850 2007 1032 2080 exspectata,
1054 1999 1145 2062 modo
1168 1997 1250 2067 illam

374 2109 442 2173 Non
463 2110 541 2173 celet
561 2108 625 2172 limi
647 2127 773 2188 surgens
795 2127 887 2189 vapor
908 2121 973 2173 ater
993 2109 1024 2171 io
1047 2109 1148 2171 altum.

417 2219 503 2283 Haud
524 2236 654 2300 unquam
676 2218 786 2298 repulit
806 2227 887 2282 tanta
908 2219 937 2281 vi
959 2218 1050 2282 corda
1073 2218 1219 2298 sagittam,

376 2330 459 2404 Quae
480 2330 555 2392 lavis
577 2329 734 2410 oppositas
756 2328 903 2392 currendo
925 2329 1045 2393 raderet
1066 2344 1162 2401 auras,

328 2441 359 2495 15
378 2440 414 2502 Ut
434 2457 557 2520 paruam
578 2437 639 2500 ridi
660 2457 715 2518 per
736 2456 829 2518 aquas
850 2457 908 2499 nos
928 2437 1053 2500 tendere
1075 2445 1179 2500 1111111

375 2548 548 2628 Navigium,
572 2547 708 2628 imperiis
729 2565 808 2610 unus
830 2547 909 2628 quod
932 2557 1021 2609 nauta
1043 2547 1173 2627 regebat,

377 2657 436 2731 Qui
458 2657 503 2720 sic
525 2656 685 2720 clamabat:
708 2656 839 2728 Venisti,
863 2656 961 2719 anima
984 2657 1135 2737 improba,
1159 2652 1302 2720 tandem?
1322 2687 1366 2703 -

378 2767 404 2830 0
426 2765 594 2840 Passurus,
617 2765 785 2839 Patruus,
808 2765 1009 2846 nequidquam
1030 2767 1089 2829 hoe
1109 2775 1246 2848 tempore
1268 2767 1388 2838 clamas,

377 2875 544 2956 Respondit
565 2874 638 2937 mihi
662 2876 713 2955 qui
736 2875 834 2938 stabat
854 2875 1053 2957 dominusque
1075 2895 1246 2957 comesque,

325 2999 360 3052 2⁰
377 2985 422 3048 Tu
444 3001 500 3048 uos
522 2985 684 3066 tantisper,
708 2984 777 3046 dum
800 3003 895 3048 coeno
919 2985 1047 3060 eximus,
1071 2986 1206 3049 habebis.

378 3094 482 3169 Qualis
503 3093 555 3156 nbi
578 3095 677 3159 audita
699 3095 840 3157 damnum
862 3096 1003 3175 gravitate
1025 3096 1184 3160 molestum

375 3205 523 3286 Deceptus
546 3204 650 3279 discit,
672 3205 773 3286 paullo
794 3213 865 3287 post
886 3203 1002 3269 indolet
1022 3206 1087 3268 illi:

376 3315 459 3378 Talis
481 3323 546 3379 erat
566 3315 717 3377 Pusaeus
741 3315 866 3378 collecta
888 3313 1024 3379 turbidus
1047 3315 1100 3379 ira.

376 3425 441 3488 11111
462 3425 597 3507 cymbam
619 3425 773 3502 ingressus
795 3443 843 3486 me
862 3426 947 3506 juxta
969 3425 1113 3489 accedere
1131 3427 1251 3516 jussit‘

326 3537 359 3592 25
375 3537 472 3615 atqua
494 3551 529 3597 ea
550 3533 614 3595 risa
637 3533 694 3595 init
714 3551 762 3594 me
784 3543 899 3596 tautum
922 3544 1043 3598 onerata
1065 3544 1198 3616 recepto.

377 3645 437 3706 Sed
459 3643 585 3706 simulac
606 3642 705 3723 pressi
727 3643 856 3723 pandam
879 3663 946 3706 oum
967 3653 1033 3707 vate
1055 3645 1197 3716 carinam,

376 3752 469 3815 Prora
491 3753 612 3833 antiqua
634 3771 740 3815 secans
762 3753 829 3833 plus
851 3754 984 3817 fluminis
1007 3753 1070 3816 ibat
1090 3754 1206 3835 aquosi,

378 3863 473 3936 Quam
496 3862 574 3924 solet
595 3881 631 3924 ex
653 3881 711 3942 quo
734 3861 870 3925 homines
892 3871 1075 3943 transportat
1096 3873 1171 3927 tetra
1193 3863 1314 3926 fluenta.

376 3973 490 4034 Mortua
513 3971 583 4033 dum
605 3973 681 4048 nigri
704 3972 800 4051 stagni
821 3973 895 4034 rada
917 3973 1083 4047 cumimns,
1106 3993 1186 4049 ecce,

326 4079 657 4161 110111111111111111
679 4089 839 4162 coopertus
861 4080 966 4156 sorde,
989 4084 1128 4164 fimoque,

377 4191 473 4271 Atque
495 4190 551 4251 ait:
576 4189 600 4252 0
625 4190 692 4270 quis
715 4209 763 4264 es,
787 4192 957 4255 antediem
980 4192 1030 4273 qui
1052 4194 1111 4256 huc
1134 4175 1280 4256 aduenis?
1300 4191 1347 4254 1111

378 4299 429 4363 Sic
452 4317 522 4380 ego:
546 4299 578 4362 Si
601 4299 736 4373 advenio,
758 4300 836 4362 haud
860 4317 983 4364 maneo:
1008 4313 1156 4383 atquem,
1180 4303 1221 4366 ita
1241 4300 1368 4382 turpiter
1389 4319 1441 4363 ora
1546 4279 1547 4282 Ἴ

377 4410 567 4492 Membraque
589 4409 741 4486 foedatae,
764 4419 793 4472 te
815 4407 916 4472 dicis?
937 4411 1060 4474 Talibus
1082 4411 1147 4474 ilie:
