3136 5164
289 352 352 416 312
756 353 891 404 statuisti
909 353 947 404 ΧΙ.
1465 346 1469 391 ἕ

242 447 608 462 ffl-——U

354 573 453 646 Quare
476 572 502 633 si
525 569 572 632 cui
585 570 672 635 torta
693 571 793 634 lectam
815 587 981 634 memoraae
1002 569 1141 650 placebit,

352 681 419 743 Nou
442 681 492 742 iiia
513 683 622 742 tscrsr
645 682 725 756 (aaut
746 677 846 742 verbis
867 679 989 759 parcius
1010 689 1092 742 essm

302 797 338 852 ao
353 791 452 870 Usus),
477 791 529 852 sed
551 788 674 869 proprio
697 789 778 852 hune
800 788 931 852 Orientis
955 788 1076 852 nomine
1100 789 1189 852 dicat.

1551 1843 1552 1896 i

353 900 491 964 Nondum
515 899 602 965 etiam
625 897 786 964 adueniens
807 896 1084 960 muitumdiatabat
1104 898 1141 962 ab
1163 908 1242 974 ortu,

355 1009 429 1072 Cum
450 1017 546 1070 terras
567 1007 666 1087 aliquo
688 1024 823 1072 recreare
845 1007 990 1070 levamine
1012 1007 1112 1088 coepit

354 1119 478 1182 Virtutis
501 1118 583 1192 dives
605 1134 737 1196 maguae.
780 1116 855 1180 Nam
876 1116 944 1178 talis
967 1133 1068 1180 amore

353 1229 494 1290 Vinxerat
513 1228 594 1290 huuc
614 1227 729 1300 mulier,
752 1245 807 1307 pro
829 1245 887 1306 qua
908 1225 986 1288 belia
1007 1242 1095 1307 aspra
1118 1226 1228 1289 subirit
1347 1216 1350 1222 ’

304 1345 338 1400 di
354 1315 461 1400 iunior
481 1356 498 1399 a
519 1348 613 1415 patre,
636 1347 667 1398 et
687 1336 745 1410 eui,
768 1352 823 1398 cau
844 1335 944 1408 morti,
966 1335 1043 1398 ostia
1063 1335 1152 1412 gaudi

356 1447 441 1508 Haud
464 1447 621 1526 quisquam
643 1445 757 1525 pandit.
802 1445 862 1508 Sed
884 1463 970 1506 samo
993 1445 1126 1506 antistita
1147 1463 1262 1508 coram·

353 1557 450 1636 Atque
471 1563 554 1634 patre
576 1555 657 1616 hauc
675 1553 734 1617 sibi
757 1553 919 1634 conjunxit,
942 1571 1030 1634 quam
1052 1573 1174 1636 semper
1193 1557 1310 1627 amarit,

354 1667 390 1728 Et
412 1665 517 1742 magis,
539 1664 630 1742 inque
652 1663 717 1725 dias
738 1663 843 1741 magis.
887 1662 969 1725 Haeo
990 1681 1102 1743 sponsu
1126 1663 1197 1727 crisa
1218 1666 1332 1746 priore,

353 1774 434 1838 Milic
455 1774 533 1836 ultra
554 1781 585 1836 et
605 1780 723 1834 centum
745 1780 844 1852 spreta
867 1780 955 1852 atque
977 1771 1106 1836 matura
1128 1793 1183 1854 per
1203 1773 1318 1856 anuos:

303 1898 338 1952 oo
354 1885 427 1946 Ante
450 1883 540 1944 istum
562 1881 651 1956 sedit,
672 1881 754 1944 nuile
777 1882 919 1944 invitante
941 1883 1058 1946 mauto.

353 1992 416 2055 Nae
434 1992 519 2074 juvit,
542 1991 621 2072 quod
644 1992 722 2055 iama
744 1991 843 2066 raiert,
867 1991 923 2058 sub
945 2009 1076 2072 paupere
1097 1992 1209 2056 Annicia

354 2101 509 2164 iuvenisse
531 2120 611 2175 oasa
633 2102 685 2182 qui
708 2119 847 2164 securum
868 2109 969 2180 egerat
989 2117 1093 2164 aarum

354 2211 438 2275 lilius
460 2211 498 2273 ad
519 2228 633 2284 rocem,
656 2211 706 2289 qui
729 2217 822 2272 tutum
845 2209 1092 2286 tarsatiensem,

355 2321 393 2383 Et
414 2329 554 2384 constans
576 2321 675 2398 apimo
698 2319 885 2384 trustraasuit
906 2321 966 2394 ilia,
987 2321 1130 2402 tenaxque

257 2481 260 2490 ,
305 2445 339 2500 eo
356 2431 470 2507 (Stante
491 2429 582 2492 Maria
603 2429 692 2507 iufra)
715 2447 785 2492 anm
809 2447 929 2492 emnem
949 2431 1162 2503 conscendere,
1182 2429 1302 2496 Christo

355 2540 485 2602 indivisa
507 2557 619 2602 comes.
662 2538 723 2602 Sed
745 2557 783 2602 uc
804 2538 880 2602 ulna
902 2537 1029 2604 obscura
1050 2540 1208 2616 reroiram,

356 2649 445 2712 Disce
468 2649 514 2710 his
535 2648 650 2728 prolixe
671 2648 771 2712 verbis
793 2668 841 2712 me
862 2648 995 2712 seribere
1016 2659 1149 2714 amantea

356 2760 421 2821 Jam
441 2758 649 2837 Paupertatem
673 2766 703 2819 at
723 2759 918 2822 Fuaamsonrr.
961 2759 1072 2822 Laetus
1093 2759 1211 2840 utrique

357 2866 471 2940 Vultus,
493 2867 586 2928 mirus
607 2885 699 2940 amor,
721 2885 808 2930 mens
830 2886 965 2941 concors,
988 2869 1074 2933 duiee
1096 2877 1214 2932 tuentes

307 2985 342 3038 70
357 2975 412 3040 iiis
434 2976 513 3038 oculi
534 2975 566 3038 in
589 2985 707 3040 sanetas
729 2976 886 3057 rapiebant
905 2985 1028 3056 pectora
1051 2997 1150 3042 coras.

400 3085 485 3150 Tune
506 3085 637 3166 primum
658 3088 771 3150 nudare
792 3087 886 3167 pedes
908 3086 1086 3150 venerabilis
1108 3088 1194 3152 ardet

357 3193 543 3270 Bassianus,
565 3203 734 3276 tantamque
756 3196 859 3260 avidus
882 3197 1053 3276 contingere
1074 3215 1179 3278 paoem

358 3306 496 3380 Emicuit,
521 3323 609 3368 eursu
632 3306 690 3369 sibi
711 3307 792 3368 visus
814 3306 927 3370 tardior
948 3307 1020 3370 isse.

360 3414 385 3477 Ο
408 3415 485 3476 maie
508 3416 644 3494 cognitae
668 3433 751 3496 opes,
774 3435 792 3478 o
815 3416 900 3495 copia
923 3435 990 3478 vera
1012 3416 1177 3480 bonorum!

308 3535 342 3590 to
359 3523 453 3586 Nudis
476 3529 628 3598 uncturus,
651 3526 739 3588 nudis
762 3528 931 3589 Srnrnsruu
953 3526 1073 3588 anhelat

360 3633 475 3696 Sectari
496 3653 639 3716 sponsum
661 3634 805 3715 pedibus3
823 3635 871 3698 sic
893 3653 1006 3716 sponsa
1019 3636 1172 3716 ¹piaoeirat.

360 3742 493 3824 Conjuge
515 3763 582 3806 curu
605 3753 706 3806 sancta
729 3745 841 3832 incedit
862 3753 946 3824 pater
967 3753 1055 3824 atque
1078 3745 1228 3826 magister,
1460 3694 1463 3833 Ι

362 3853 456 3928 Quem
479 3853 580 3931 proies
601 3853 707 3916 humili
729 3855 864 3935 sequitur
885 3854 1065 3918 circumdata
1088 3857 1169 3920 ioue.
1461 3882 1464 3965 p

361 3961 427 4024 Neu
449 3961 520 4024 huie
542 3981 676 4025 securam
697 3965 826 4028 irouteru
846 3964 979 4028 ceurila
1000 3966 1137 4044 gravarit,

310 4079 346 4133 8⁰
363 4071 449 4148 Quod
472 4079 559 4134 naurs
580 4071 683 4134 Perua
706 4073 747 4134 sit
765 4072 961 4136 Buanaauore
983 4087 1117 4155 parente,
1461 3980 1465 4223 1

363 4183 449 4256 Quod
472 4189 589 4262 spretus
611 4181 696 4256 urire,
718 4191 747 4244 at
768 4183 859 4262 regali
880 4191 1003 4264 pectore
1026 4183 1125 4250 enisus
1208 4267 1210 4272 Α

361 4292 473 4354 Dentur
494 4291 682 4374 propositum
703 4291 843 4366 ostendit,
866 4293 946 4373 quod
969 4295 1089 4358 dextera
1114 4295 1221 4358 summi
