3144 5164
585 409 719 462 PdeDiSi
735 411 796 462 xiii.

191 630 293 704 liesiit
318 638 347 691 et
368 627 455 691 turbo
476 631 648 712 pariterque
669 647 704 692 ea
725 629 836 694 iumine
859 639 961 694 sanctu

191 740 237 802 die
260 757 360 800 coram
382 747 527 801 steterunt
548 749 632 802 nesto
654 749 808 802 crescente
828 740 925 804 beata.

192 850 274 912 luter
295 849 461 912 concordes
483 850 532 912 iux
552 868 612 912 uua
634 850 753 912 silentiu
773 850 863 912 Divos

145 971 177 1024 su
192 959 322 1040 Rumpit.
345 976 421 1039 quas
443 960 573 1038 primum
593 959 668 1022 mihi
690 960 784 1022 sancti
804 959 945 1040 pauperis
967 969 1031 1022 acta

191 1069 312 1132 Dixerat
333 1076 364 1130 et
383 1069 471 1130 vium
493 1069 607 1143 mirem,
630 1069 676 1132 sic
696 1087 770 1132 voce
792 1069 903 1133 locutu:

192 1181 354 1259 Postquam
375 1179 442 1240 trite
464 1179 520 1240 tuit
540 1178 644 1259 poleas
666 1196 735 1259 pars
758 1197 816 1241 una
836 1179 1007 1259 bonumque

194 1290 301 1352 Semen
321 1288 383 1369 jam
404 1289 545 1367 positum,
568 1297 597 1350 et
618 1287 764 1368 reliquam
786 1289 844 1350 ieri
864 1289 940 1352 lectu
964 1287 1081 1368 cupido,

194 1398 342 1461 Tendere.
386 1399 431 1460 Tu
454 1397 552 1460 credis
573 1405 688 1478 pectus,
712 1415 771 1477 quo
792 1417 829 1460 ex
850 1407 972 1477 pectore
995 1405 1077 1460 coste
1095 1404 1150 1471 est,

146 1515 178 1568 to
193 1509 277 1570 Unde
299 1527 374 1587 gena
395 1507 476 1569 iliius
497 1508 626 1588 prodivit
647 1508 779 1588 pulchre,
801 1507 933 1588 puleium

195 1617 286 1699 Cujus
307 1617 466 1696 terrigenis
488 1624 535 1679 est
555 1617 645 1693 tenti3
668 1603 774 1698 pe‘ctos
796 1616 921 1680 utillud

194 1727 286 1789 Hasta
308 1727 490 1799 confossum,
513 1727 594 1807 quod
616 1736 663 1789 est
683 1735 753 1807 post
775 1727 847 1788 iecit
867 1735 898 1789 et
918 1733 996 1799 ente,

194 1837 245 1899 Sic
266 1845 299 1899 ut
320 1845 426 1899 cuncte
448 1853 502 1898 sue
524 1853 668 1898 noxarum
689 1837 824 1918 pondere
845 1835 931 1898 lance

194 1945 377 2026 Exsuperet3
398 1946 543 2027 quidquid
564 1953 670 2007 nature
691 1946 821 2007 humane
841 1943 933 2025 potiri

146 2063 179 2117 4⁰
194 2055 330 2118 Luminis
351 2062 399 2118 est
419 2064 496 2136 apta,
519 2056 651 2118 infusum
672 2063 809 2136 portasse
829 2072 885 2134 per
906 2053 986 2114 iiiam

195 2165 347 2239 Virtutem,
371 2183 446 2246 quoe
468 2173 626 2246 utrumqne
648 2166 678 2227 in
700 2164 821 2226 luminis
844 2163 936 2226 edidit
957 2179 1064 2237 aures3

194 2275 289 2355 Atque
310 2275 378 2338 ideo
399 2275 474 2336 mihi
495 2274 573 2337 dicte
594 2292 685 2355 supra
706 2273 852 2336 mirabere
873 2275 986 2346 forsan,

195 2385 270 2447 Cum
291 2384 344 2446 tibi
365 2384 523 2447 nsrrsbam
545 2383 603 2446 sibi
625 2401 685 2446 nen
707 2383 849 2446 habuisse
871 2382 1036 2446 secundum

196 2493 291 2568 Quem
313 2494 413 2556 divum
434 2495 538 2574 quinta
559 2495 734 2556 conclusum
755 2493 787 2556 in
808 2494 875 2556 luce
896 2492 1004 2555 notari.

146 2607 178 2662 do
236 2604 321 2666 Nunc
342 2611 375 2667 tu
396 2605 494 2684 pande
516 2603 620 2666 oculos
642 2603 681 2665 ed
703 2621 779 2683 quae
799 2619 946 2683 responsa
968 2601 1125 2664 dabunmr.

194 2713 231 2776 Et
253 2713 345 2775 nitide
367 2713 517 2794 adspicies
538 2722 589 2776 tue
612 2731 671 2793 quo
694 2712 841 2774 sententie
858 2720 955 2792 pecto,

196 2821 343 2902 Quodque
365 2841 420 2902 epo
442 2823 587 2896 dicebam,
610 2823 767 2884 incorum
789 2829 954 2896 concurret,
977 2822 1009 2883 in
1030 2820 1134 2883 orbem

196 2933 256 2996 Ceu
279 2941 423 2995 centrum.
468 2933 556 3008 Quod
577 2939 674 2995 morte
695 2940 784 3004 caret,
808 2929 889 3011 quod
910 2929 1028 2993 victime
1049 2929 1100 2994 leti
1122 2938 1178 3006 est,

194 3041 241 3104 Nil
262 3049 382 3122 praeter
403 3043 516 3105 formae
538 3039 730 3124 splendorem
750 3053 807 3116 est,
830 3059 917 3120 quem
939 3041 1016 3120 parit
1037 3039 1112 3102 altus

149 3151 181 3205 5⁰
195 3151 284 3232 Regis
307 3152 431 3214 amantis
453 3169 546 3214 amor.
589 3153 662 3216 Nam
685 3151 761 3212 lucis
782 3149 877 3212 uiride
899 3151 1003 3224 virtus,

197 3261 280 3336 Quae
302 3262 346 3323 sic
368 3279 385 3322 e
406 3261 524 3325 lucente
546 3280 601 3324 suo
623 3269 710 3334 meet,
732 3267 766 3322 ut
786 3259 891 3340 procui
913 3258 981 3338 ipso

195 3370 350 3451 Nusquam
370 3371 466 3446 abeat,
488 3389 585 3452 neque
608 3389 709 3434 amore
731 3369 792 3444 iilo,
816 3369 866 3449 qui
887 3369 984 3430 trinum
1006 3367 1037 3429 in
1060 3383 1119 3430 uuo
1141 3373 1195 3442 est,

195 3479 290 3558 Lange
313 3479 481 3558 gratificans
503 3483 600 3543 offuso
621 3481 732 3544 iumine
754 3479 846 3542 donat

195 3589 316 3652 Naturis
338 3591 451 3669 fulgere
472 3591 566 3665 noris,
590 3591 675 3671 quasi
697 3591 724 3652 si
745 3587 810 3669 ipsa
831 3587 958 3650 resultet

148 3701 219 3762 ond
241 3699 375 3781 speculo,
397 3707 609 3782 aeternumque
630 3702 661 3763 in
683 3708 800 3780 tempus
821 3705 976 3778 permanet
995 3713 1065 3760 une.

195 3810 271 3873 Exin
293 3809 435 3871 inferiore
457 3819 573 3890 petens,
596 3819 685 3891 atque
705 3810 808 3872 tdtime
830 3823 930 3869 rerum

196 3917 331 3992 Saecula,
354 3919 511 3982 descendit
530 3921 625 4000 magis
648 3927 678 3982 et
697 3919 793 3997 mogis
813 3935 909 3996 usque
930 3915 1083 3992 gradatim,

195 4029 273 4092 Itum
294 4026 395 4090 brevia
417 4029 536 4104 efficiat,
558 4047 614 4110 per
636 4047 711 4111 quse
733 4029 851 4107 signare
872 4025 1006 4088 volebam

195 4135 290 4210 Edico,
315 4155 390 4218 sprec
411 4138 533 4219 proprie
554 4139 655 4202 educit
675 4135 820 4217 vertigiue
842 4136 967 4208 coelum,

148 4257 180 4310 ω
197 4247 258 4310 Seu
279 4255 351 4322 sets,
374 4247 436 4310 sire
457 4247 518 4310 ullo
540 4250 649 4311 iuer-int
669 4249 736 4312 sine
757 4248 873 4312 semine
890 4253 969 4308 neta.

197 4357 272 4420 Cere
295 4357 411 4430 horum,
434 4358 544 4438 quique
566 4359 643 4422 hanc
663 4357 754 4432 ducit,
777 4355 891 4418 ratione
910 4353 1061 4432 modoque
