3144 5164
567 439 702 488 l’dlldlllSl
721 439 820 490 Xll'lll.

192 659 329 738 Desuper
349 673 511 734 assurgens
534 655 695 718 comitsbet
716 655 860 736 septimus
882 655 950 718 illos
1018 627 1023 646 ⁴

192 766 317 847 dmplus
340 765 390 838 ita,
412 773 444 827 ut
466 765 565 828 minus
588 772 655 845 apta
678 767 756 827 ioret
778 765 989 828 Thaumantias
1010 785 1080 828 arou

145 887 177 939 td
194 878 281 940 llunc
303 893 421 955 capere.
465 876 549 936 Haud
572 893 660 937 secus
682 883 803 938 octavus
826 893 981 955 nouusque
1002 876 1152 956 patebant,

195 989 328 1061 Quorum
352 985 478 1064 quisque
500 985 682 1053 movebatur,
706 993 794 1065 prout
815 983 897 1046 risus
918 984 1024 1046 obesse
1046 994 1101 1056 est,

195 1096 228 1158 Si
250 1113 404 1157 numerum
427 1094 551 1171 relegas,
574 1111 590 1155 a
612 1101 724 1174 puncto
746 1094 864 1170 longius
885 1113 955 1170 uno,

196 1204 339 1278 Tardior3
362 1203 543 1282 sudabatque
565 1204 609 1265 illi
631 1203 778 1264 sincerior
799 1203 886 1281 ignis,

197 1315 255 1390 Qui
277 1315 377 1377 nrinus
398 1334 415 1376 a
436 1333 528 1393 purae
549 1312 679 1374 distabat
700 1313 765 1373 lucc
789 1311 913 1384 favillae,

147 1436 179 1490 tc
197 1423 285 1499 Quod
307 1425 375 1503 plus
397 1430 519 1484 neutrae
539 1440 626 1483 verae
649 1422 823 1494 insinuarat,
847 1422 964 1501 opinor.

240 1533 313 1596 Cum
335 1551 383 1595 me
407 1551 587 1613 suspensum
608 1532 718 1594 mulier
736 1531 863 1594 vidisset
884 1532 922 1593 ob
945 1532 1032 1594 altam

197 1643 319 1706 Curmn:
342 1644 466 1716 Pendet,
489 1642 538 1715 ait,
562 1641 678 1704 coelunt
701 1649 864 1721 naturaque
887 1651 948 1704 tota

196 1752 221 1814 ll
244 1761 355 1833 puncto
378 1753 436 1814 hoc
458 1771 528 1813 uuo.
571 1752 656 1813 Nunc
678 1751 761 1814 illum
784 1751 904 1831 suspice
926 1751 1048 1814 circium

197 1861 275 1925 Huic
296 1879 381 1940 mage
404 1861 606 1942 conjunctum,
630 1869 659 1923 et
681 1861 757 1922 scito
780 1861 851 1923 terri
874 1861 958 1922 ocius
979 1860 1062 1923 illum

148 1984 181 2038 tc
199 1973 255 2046 ob,
279 1974 329 2053 qui
351 1972 449 2052 ipsum
471 1972 590 2051 penitus
612 1969 792 2051 penitusque
814 1969 985 2043 inflammat,
1008 1990 1150 2035 amorem.

241 2082 318 2144 lluic
340 2099 411 2160 ego:
435 2081 469 2144 si
490 2083 632 2144 muudum
653 2081 703 2142 hic
724 2079 804 2141 idem
825 2079 994 2159 possederit
1016 2082 1100 2155 ordo,

200 2192 326 2266 Qualem
348 2192 396 2253 his
417 2191 511 2252 miror
531 2193 633 2254 inesse
654 2189 737 2252 rotis.
761 2189 864 2251 satiata
885 2197 1019 2250 maneret

198 2303 283 2365 ldeus
305 2301 378 2362 mihi
400 2300 548 2381 spectanti
569 2309 649 2362 tanta
671 2300 746 2362 haec
766 2299 908 2362 miracula
929 2317 1044 2374 rerum3

198 2411 327 2474 lluudus
349 2419 378 2473 et
399 2410 434 2484 is,
458 2411 569 2472 nostris
592 2411 642 2490 qui
664 2410 802 2472 sensibus
825 2408 1008 2483 obversatur,

149 2527 183 2581 to
200 2523 330 2584 Cernere
351 2521 402 2582 dat
423 2521 566 2600 sphaeras
588 2529 668 2584 tanto
691 2519 820 2582 divinius
842 2527 951 2590 auctas,

201 2635 319 2706 Quanto
341 2629 408 2692 illas
430 2631 525 2708 magis
548 2649 564 2692 a
588 2640 691 2692 centro
714 2629 826 2692 distare
848 2629 991 2690 videmus.

201 2741 310 2816 Quare,
333 2740 360 2802 si
381 2739 531 2802 desiderio
553 2747 630 2801 meta
653 2740 754 2802 nltirna
776 2745 880 2800 nostro

200 2850 347 2914 Debetin
368 2850 426 2911 lroo
447 2849 524 2911 miro
546 2848 688 2928 Angelico
711 2847 876 2910 consistere
897 2847 1020 2927 templo,

201 2961 373 3024 Extremum
395 2960 441 3021 cui
463 2959 512 3021 lux
535 2967 565 3021 et
585 2977 668 3021 antor
690 2959 893 3021 tantummodo
915 2959 1004 3020 finem

152 3084 186 3138 50
202 3070 403 3144 Constituunt,
426 3087 502 3150 opus
525 3077 579 3142 est,
602 3079 636 3131 ut
656 3069 753 3131 adhuc
774 3067 846 3130 milri
869 3068 985 3128 discere
1008 3067 1103 3142 detur,

204 3181 262 3254 Qut
283 3181 324 3254 fit,
347 3180 500 3241 uterinus
521 3179 686 3258 exemplum
709 3185 861 3238 moveatur
882 3175 994 3250 eadem,

204 3291 270 3365 Qua
291 3290 356 3368 lege
380 3289 538 3370 exemplar.
582 3287 655 3349 Nam
678 3288 788 3349 trustra
811 3286 839 3346 id
861 3295 985 3365 pectore
1005 3303 1102 3347 verso.

246 3401 278 3462 Si
301 3400 389 3462 talem
411 3400 448 3462 ed
469 3399 580 3461 nodum
603 3417 636 3460 es
659 3397 759 3476 digitis
780 3396 879 3458 minus
901 3393 982 3456 utilis
1005 3395 1092 3477 aptis,

146 3503 149 3512 ’
203 3510 252 3573 Nil
274 3509 397 3584 mirum3
419 3529 516 3589 usque
539 3509 623 3582 adeo,
645 3507 727 3570 nullo
749 3505 875 3568 iaciente
897 3504 1051 3584 periclum,

152 3631 187 3688 td
205 3621 339 3683 Obdurat
359 3619 484 3682 solidus.
528 3618 579 3680 Sic
601 3617 649 3680 illa
670 3625 758 3696 atque
780 3613 904 3695 insuper
925 3612 1021 3676 addit:

203 3730 323 3810 Accipe,
347 3729 426 3810 quod
450 3729 556 3802 dicem,
579 3727 670 3788 siris
694 3726 816 3788 satiatus
838 3723 931 3795 abire,

203 3841 299 3920 lnque
321 3840 379 3901 isto
402 3840 449 3900 lac
471 3847 600 3900 urentem
623 3853 722 3897 acuas.
767 3834 849 3908 Quae
872 3851 997 3915 corporo
1019 3833 1131 3896 circum

203 3949 376 4022 Volvuntur,
398 3956 480 4010 vasta
504 3955 642 4008 constant
663 3965 697 4008 ea
718 3942 797 4006 mole
819 3945 866 4008 rel
887 3953 975 4020 arcta,

205 4060 300 4122 Proui
320 4057 387 4138 plus
410 4057 579 4120 autminus
602 4065 647 4118 est
669 4055 729 4118 illis
749 4055 866 4118 virtutis
888 4055 998 4135 ubique

155 4181 189 4234 tt
207 4170 281 4233 Sese
304 4167 500 4230 extendentis.
544 4167 689 4229 Bonitatis
712 4165 804 4247 copis!
821 4165 918 4246 major

90 4202 262 4602 hlud
283 4277 396 4359 majore
419 4277 514 4340 salute
536 4277 593 4385 ispi
616 4275 826 4354 cumulumque
848 4274 970 4336 salutis·

205 4389 349 4470 Majorenr
372 4386 470 4470 capiet
491 4387 604 4468 majore
625 4385 773 4447 columne
796 4399 915 4463 cerpus,

241 4581 809 4602 ’,ὴ-*Μω-
816 4583 936 4592 ..u-...-
943 4583 1247 4596 ...a-*w—
