3142 5166
245 366 364 560 'sl'dd
738 418 917 472 educerenu
935 417 997 469 ιιιιι.

245 569 248 700 Ι

246 754 249 805 ι

260 513 454 524 ...ι-υ--ιιι-ιι

855 721 945 804 uu
1049 679 1055 686 ’

246 853 249 897 ⁵
371 858 495 920 Ventum
517 864 580 920 eret
601 855 639 919 ed
661 875 810 920 summum
831 855 989 930 scelerum,
1011 835 1062 920 ubi
1085 856 1191 922 scabra
1212 860 1346 924 seeundo

246 902 250 1042 Ι
370 967 426 1030 nat
447 973 580 1030 resecele
602 967 679 1032 viem
701 984 802 1047 rupee,
824 965 973 1046 depellere
994 984 1140 1046 praesens

371 1076 549 1140 Scandende
571 1077 703 1140 merlus.
746 1074 792 1136 lbi
814 1074 1015 1142 circumducta
1037 1094 1149 1138 nerone

248 1198 250 1209 '
370 1187 469 1250 Altera
492 1205 552 1250 nen
573 1187 660 1251 eliter
681 1183 798 1260 clivum,
821 1203 855 1248 ec
876 1184 960 1264 prior
981 1184 1032 1248 ille
1053 1187 1188 1262 revincit,

337 1306 354 1358 d
372 1297 404 1359 Si
426 1315 487 1359 unu
509 1295 634 1360 falcatus
656 1295 744 1358 citius
766 1313 800 1356 se
821 1293 988 1356 inflecteret
1007 1313 1106 1358 arcus.
1472 1364 1475 1377 ,

372 1405 457 1468 llnud
480 1405 570 1468 ullam
591 1405 641 1466 uie
662 1404 806 1477 umbram,
828 1402 908 1466 bend
930 1403 1023 1466 ullum
1044 1405 1093 1466 hic
1111 1414 1158 1468 est
1171 1423 1295 1470 cernere
1306 1407 1428 1486 signnm,

373 1515 432 1578 Sed
454 1516 519 1596 ripe
541 1521 597 1588 est,
619 1522 650 1576 et
670 1514 727 1576 iter
748 1513 883 1594 simplex,
906 1513 1082 1594 scopulique
1105 1514 1238 1579 colerem

372 1625 526 1688 liventem
548 1625 694 1686 referens.
737 1624 775 1686 ut
795 1633 878 1686 veles
901 1623 970 1686 telin
992 1641 1125 1686 meeum:

249 1717 252 1762 Ι
374 1735 405 1798 Si
430 1753 486 1796 nos
507 1733 639 1796 mansuri
661 1741 788 1810 genum,
810 1751 898 1812 quem
919 1751 992 1796 voce
1014 1750 1163 1812 regemus,

250 1884 253 1898 ·
325 1858 356 1909 lo
374 1845 430 1907 llic
453 1853 575 1916 stamus,
599 1859 704 1906 vereor
725 1861 763 1906 ne
785 1850 921 1906 cosmum
943 1843 1019 1906 ierte
1040 1862 1193 1907 moremur

374 1955 445 2018 l‘lus
468 1953 541 2016 setis
563 1953 701 2016 electum.
743 1952 777 2014 ln
799 1952 895 2016 solem
917 1953 985 2020 dein
1007 1953 1118 2016 lumine
1140 1955 1244 2034 figens,

374 2066 483 2128 llexlrc
505 2081 578 2126 usus
600 2062 702 2135 latere,
724 2070 889 2136 dicecere,
913 2063 1085 2144 circumegit
1106 2065 1137 2126 iu
1160 2063 1264 2126 orbem

375 2177 414 2238 Se
436 2175 608 2253 laevamque
631 2173 677 2236 sui
699 2181 813 2252 partem
834 2173 990 2235 cunemine
1012 2174 1107 2236 tersit.

252 2198 255 2348 Ι
415 2283 585 2347 ineundum
606 2283 714 2354 lumen,
738 2301 798 2362 quc
821 2282 917 2346 fideus
940 2281 1019 2344 istud
1042 2283 1113 2345 iniri

252 2354 257 2472 Ι
327 2402 357 2455 ld
375 2396 529 2458 insuetum
550 2393 622 2454 milri
644 2391 707 2464 iter,
731 2391 777 2453 sic
798 2409 854 2454 nes
876 2390 944 2466 duc,
967 2393 1073 2472 inquit,
1095 2401 1128 2456 ιιι
1150 2411 1278 2473 aequum
1300 2402 1347 2456 est
1475 2444 1478 2486 Ι

252 2483 256 2600 Ι
376 2505 419 2566 l'e
441 2524 497 2567 nos
518 2503 577 2566 hnc
598 2502 678 2564 intus
701 2501 860 2564 deducere.
904 2501 950 2564 'l'u
971 2502 1036 2564 lnce
1058 2503 1202 2566 mundum
1475 2497 1478 2513 '

375 2613 503 2677 Callecis
525 2612 650 2692 ignifera
673 2620 763 2691 tuque
786 2611 884 2692 ipsum
905 2610 1041 2692 lemprde
1063 2612 1189 2688 lustrem

376 2723 409 2785 si
432 2741 493 2785 uon
515 2721 640 2785 obsistet
661 2721 808 2802 centraria
831 2739 945 2794 censen,
968 2741 1094 2785 necesse
1115 2729 1163 2786 est

253 2896 255 2908 ,
376 2833 434 2894 Pro
457 2831 534 2894 duee
554 2831 665 2894 hebere
687 2839 770 2892 tuum
791 2829 983 2909 splendorem
1004 2839 1123 2913 tempus
1143 2833 1176 2894 iu
1197 2847 1285 2894 omne

253 2909 256 3018 Ι
325 2951 359 3004 2⁰
377 2942 526 3016 Querulum
548 2940 638 3002 isthic
659 2940 747 3021 spatii
768 2957 877 3020 pessus
898 2959 954 3022 per
974 2941 1056 3004 mille
1078 2949 1207 3023 putetur,

253 3023 256 3047 ⁸
377 3051 503 3114 Tantum
524 3069 581 3113 nes
602 3050 673 3124 illic,
695 3049 795 3112 studio
815 3051 1024 3126 inflammante,
1046 3051 1103 3114 viai

377 3161 551 3225 Couleeisee
572 3159 656 3224 brevi
678 3161 777 3233 erede,
801 3177 868 3226 cum
889 3161 1039 3224 sensimus
1064 3161 1192 3234 umerus,

377 3273 507 3334 Cernere
528 3289 603 3352 ques
625 3270 690 3334 ucie
711 3271 790 3334 haud
812 3272 916 3342 luerat,
938 3271 1060 3350 prodire
1081 3272 1223 3352 loquaces

377 3381 439 3443 Nes
462 3391 574 3456 contre,
597 3381 750 3444 herentes
772 3379 811 3442 ed
832 3399 966 3442 mensam
989 3381 1133 3444 accedere
1155 3381 1265 3444 mereris

326 3496 360 3549 tle
379 3492 519 3566 Comiter,
541 3501 572 3554 et
593 3511 669 3570 qnae
690 3488 826 3552 transivit
846 3509 901 3551 rex
923 3491 1018 3571 prime
1042 3490 1178 3564 volando,

378 3600 444 3662 Alte
467 3601 594 3663 estleia
616 3617 707 3662 sono:
730 3599 799 3661 Neu
820 3611 865 3662 eet
887 3600 932 3662 leis
956 3605 1133 3680 cupierint,

379 3711 514 3784 Carmen,
538 3719 567 3773 et
589 3709 647 3770 hoe
668 3707 774 3770 ilerum
796 3718 867 3789 pest
888 3727 945 3772 nos
965 3710 1132 3790 iterumque
1153 3709 1252 3772 lecute
1274 3717 1332 3772 est.

253 3313 257 3397 l

379 3817 415 3880 Et
436 3819 520 3898 prius
542 3817 581 3880 nb
603 3819 724 3895 lengum
746 3819 921 3882 abscessum
943 3837 1032 3899 queem
1054 3827 1115 3880 tote
1137 3817 1258 3899 periret,

255 4001 257 4015 Ι
379 3929 477 3990 ultera
500 3927 698 4008 praeteriens:
720 3929 784 4007 Ege
806 3947 881 4002 sum,
907 3929 1058 4003 clamabat,
1082 3929 1230 3992 Oussree.

255 4025 257 4049 '
328 4049 362 4102 3⁰
379 4037 440 4100 Nec
462 4047 560 4100 lernen
581 4039 655 4100 hnec
677 4038 794 4101 mansit.
838 4039 952 4114 Quare:
976 4039 1001 4102 0
1024 4047 1109 4120 peter
1130 4039 1252 4120 optime,
1275 4038 1346 4114 dixi,

380 4149 463 4222 Qune
486 4157 555 4210 snut
575 4149 631 4212 liae
653 4145 767 4210 voces?
790 4149 841 4210 Vix
862 4149 929 4212 telin
950 4149 1039 4212 verbe
1060 4149 1171 4222 leculo,

381 4255 474 4320 Ecce!
498 4257 671 4338 superuenit
691 4277 745 4320 vex
769 4258 853 4322 tertie
875 4265 905 4320 et
927 4259 1037 4339 iuquit:
1061 4259 1174 4333 umere,

254 4394 257 4451 g
386 4367 468 4441 Ques
492 4371 575 4430 scitis
598 4386 709 4430 necnee
733 4367 825 4431 vedis.
849 4401 890 4414 ·—
912 4367 967 4431 llic
990 4369 1126 4434 verberet
1148 4369 1240 4442 erbis,

254 4470 258 4505 l

256 4562 305 4576 hu..
328 4569 406 4577 --.-
415 4567 966 4585 -·-——--——--—-——a—..„--,
973 4575 1398 4586 -----·-·--·.-—-—---...-....-.
1406 4571 1440 4580 ..-
