3124 5170
354 343 706 350 --·---—--—„-.-..——
718 339 1463 357 ..μ--Ἥ--Ι--ῄ

231 345 353 493 OE
704 397 898 450 tornodorum
916 397 996 448 xxttt.

234 493 503 504 φήῃ-.-
505 495 572 501 .ψ
582 495 617 502 ...-

350 617 477 679 Pectore
496 635 544 678 me
566 625 689 697 portans
712 616 851 680 comitem
872 635 932 680 non
955 625 987 680 ut
1008 635 1110 680 eomes
1132 617 1216 690 alter,
1174 365 1547 667 ml

300 731 334 784 45
352 726 410 788 Sed
434 726 522 788 veluti
546 735 647 788 natum
669 727 795 806 genitor.
838 727 891 790 Vix
914 726 1017 789 intima
1040 727 1140 790 fossae
1464 682 1547 883 ³

287 851 290 858 ’
352 836 544 914 Contigerant
564 837 697 916 plantae,
722 857 788 900 oum
807 837 871 918 jam
893 857 984 916 super
1005 837 1121 900 adstitit
1141 837 1238 900 hostis

349 946 488 1008 Insidens
510 945 601 1019 olivo,
626 947 678 1008 sod
702 946 743 1008 nil
766 954 831 1009 erat
851 947 920 1008 inde
944 946 1076 1020 timoris3
1462 886 1547 1044 ἱ

349 1055 476 1117 Provida
498 1075 567 1117 nom
589 1056 697 1118 summi
720 1057 867 1136 sapientia
890 1055 1021 1118 numinis
1043 1056 1119 1118 istos
1466 1050 1469 1107 i

349 1166 478 1240 Quintae
499 1166 645 1245 praefecit
666 1167 765 1228 fossae
787 1165 989 1270 imposuitque
1010 1165 1173 1238 ministros,

301 1280 334 1334 50
350 1276 409 1338 Sed
433 1295 492 1337 non
515 1276 585 1337 inde
607 1275 690 1337 dedit
710 1275 835 1354 vestigio
856 1265 946 1356 posse
968 1293 1097 1362 moyere.

350 1384 415 1449 Illio
438 1385 555 1447 inventa
578 1394 625 1446 est
647 1403 719 1464 gens
741 1385 889 1459 infucata,
912 1384 1062 1465 graduque

352 1495 450 1556 Tardo
473 1513 561 1574 aegre
582 1503 719 1574 reptans,
743 1514 818 1574 quae
841 1494 953 1558 oiroum
974 1495 1096 1574 largiter
1118 1493 1214 1558 imbro

350 1604 481 1666 Rorabat
502 1605 590 1666 fletus
612 1605 732 1678 oculos,
756 1606 895 1684 vultuque
917 1603 1031 1666 serebat

351 1715 390 1776 Se
413 1714 522 1776 lassam
545 1733 579 1775 ao
602 1713 719 1776 viotem.
763 1714 899 1776 demisso
922 1722 990 1776 ante
1013 1731 1065 1775 ora
1087 1713 1204 1776 ououllo

229 1845 232 1895 ε
301 1833 334 1887 55
352 1823 494 1902 Tegmina
517 1823 687 1904 pendebant
708 1823 789 1898 istis,
812 1843 872 1904 quo
894 1842 978 1885 more
999 1824 1136 1886 lacernas

352 1935 499 1996 Consutas
521 1933 639 1996 monaci
662 1943 785 1996 suerunt
805 1933 948 1996 adhibere
972 1932 1086 2006 Coloni,

349 2043 547 2124 Exteriusque
570 2062 641 2106 auro
665 2043 759 2106 visum
783 2043 903 2106 tollente
925 2042 1084 2106 micabant

350 2154 388 2213 m
408 2152 529 2233 plumbo
551 2153 677 2216 interius
700 2173 886 2234 quacumque
908 2172 945 2214 er
965 2162 1049 2232 parte
1071 2151 1216 2230 rigebant,

351 2263 402 2324 Sic
425 2263 539 2342 gravia,
562 2273 595 2326 ut
617 2265 719 2344 paleae
741 2264 851 2326 suerint
874 2263 910 2324 de
933 2262 1075 2324 stramine
1097 2262 1251 2326 habendae

301 2379 334 2430 do
351 2373 455 2436 Vestes
476 2374 621 2436 Fornmco
644 2375 771 2438 miseros
795 2381 951 2454 torquente
973 2381 1119 2452 repertae.

353 2483 376 2544 0
400 2501 545 2562 perpessu
567 2501 689 2564 asprum
712 2492 892 2562 tegmentum
916 2491 1032 2562 tempos
1054 2483 1085 2545 in
1108 2481 1212 2544 omne!

393 2592 455 2652 Nos
477 2593 589 2670 pariter
611 2591 686 2656 laevi
708 2613 816 2674 passus
839 2591 1015 2655 defleximus
1038 2611 1095 2654 una

353 2701 510 2781 Coniunoti
533 2702 700 2782 arreotique
723 2705 759 2766 ed
783 2703 878 2764 tristis
900 2721 1051 2764 murmura
1073 2702 1181 2764 laetus.

351 2811 488 2874 Pondere
509 2811 588 2872 lassa
612 2831 666 2874 suo
689 2812 742 2874 sed
766 2831 838 2890 gens
862 2832 896 2873 ea
917 2812 997 2874 lenta
1018 2812 1157 2874 movebat

302 2930 334 2982 65
352 2921 403 2983 Sio
424 2939 491 2982 raro
515 2939 638 3000 possus,
661 2940 755 2984 novus
779 2930 811 2983 ut
831 2939 933 2984 eomes
956 2921 1000 2982 ire
1022 2921 1149 2992 viderer,

351 3032 447 3093 Unum
469 3031 519 3091 ubi
542 3049 712 3112 promoram
736 3033 841 3094 iemur.
886 3031 942 3093 Hie
963 3048 1019 3108 ego
1043 3029 1151 3094 talibus
1173 3051 1270 3103 orsus,

351 3139 471 3202 Ductori
495 3140 573 3202 diri:
596 3141 655 3204 Fae
677 3150 799 3222 coepto,
822 3149 874 3204 aut
895 3140 1016 3202 nomine
1039 3152 1141 3203 uotum

351 3250 488 3314 Invenias
511 3252 674 3330 quendem,
698 3261 785 3332 etque
808 3251 895 3314 ooulo
918 3250 1051 3331 undique
1073 3251 1300 3332 circumspecta,

352 3359 426 3422 [tum
450 3359 494 3422 sio
516 3359 643 3424 incedis.
668 3393 709 3406 -
732 3362 807 3434 Sed,
830 3361 880 3442 qui
905 3361 1043 3439 cognorit
1064 3361 1241 3424 Hetrosoum

302 3483 335 3535 to
353 3471 541 3542 Sermonem,
565 3471 686 3550 quidam
708 3479 778 3551 post
800 3479 914 3550 tergum
937 3471 1041 3532 toliere
1064 3471 1165 3552 eoepit

351 3580 527 3642 Exclamans
550 3597 669 3642 vocem:
691 3581 812 3642 Plantas
834 3582 976 3652 retinete,
1000 3581 1106 3644 citatas

352 3691 411 3752 Per
433 3690 608 3768 caligantem
631 3710 720 3752 oursu
741 3691 786 3753 sie
808 3701 950 3772 praepete
972 3690 1083 3772 ripam!

231 3818 233 3833 ¹
352 3801 441 3861 Forte
464 3819 480 3860 e
503 3818 550 3861 me
573 3799 686 3872 disces,
711 3819 785 3880 quae
808 3800 920 3882 poseis.
963 3801 1088 3864 Lumina
1111 3809 1191 3862 retro

231 3914 233 3929 '
353 3909 433 3982 Dux,
456 3909 504 3970 his
525 3908 652 3982 auditis,
675 3910 778 3982 vertit,
802 3913 846 3974 sio
869 3931 921 3974 ore
944 3912 1076 3973 loeutus:

303 4031 335 4084 75
353 4020 411 4082 Fac
434 4037 555 4082 maneas
577 4037 612 4082 ao
634 4019 702 4082 doio
726 4039 817 4101 passu
838 4021 970 4102 procede
992 4021 1152 4084 secundus.

353 4128 480 4200 Restm,
503 4138 533 4190 et
554 4149 624 4190 ecee
648 4129 723 4192 duos
744 4131 804 4192 ridi
827 4132 1032 4210 praepandere
1054 4131 1134 4194 vultu

232 4284 234 4307 ι
353 4239 490 4318 Magnum
513 4238 603 4302 animi
628 4239 764 4302 ardorem
786 4257 904 4302 mecerin
923 4215 1114 4322 properantis
1136 4240 1259 4312 adesam

232 4330 234 4349 '
354 4351 460 4409 Verum
484 4349 538 4412 hos
561 4349 718 4412 tardabant
739 4359 769 4412 et
790 4351 921 4430 pondus,
944 4359 975 4414 et
996 4359 1077 4412 erote
1099 4350 1222 4412 niumm.
