3124 5170
303 433 344 500 ss
722 437 915 490 romanorun
933 439 1011 490 xvrn.

370 655 456 718 Hunc
476 675 565 737 pone.
607 658 753 721 Adextra
776 675 849 720 nova
872 675 940 720 sese
961 657 1055 720 turma
1078 657 1201 734 doloris,

370 765 596 846 Poenarumque
618 785 726 829 novum
747 785 856 844 genus,
879 775 967 846 atque
988 785 1131 830 nouorum

370 876 458 938 Arma
479 874 683 938 ministrorum
704 874 840 950 veniunt,
863 876 949 955 queis
970 875 1057 954 hulpa
1080 878 1192 956 repleta
1213 885 1259 942 cst

369 983 517 1046 interior.
559 985 636 1050 Nudi
658 987 739 1046 fossa
760 993 932 1064 spectantur
952 985 983 1046 in
1005 983 1055 1048 ilia

320 1099 353 1154 25
370 1094 516 1156 damuati.
558 1095 602 1156 Ex
622 1093 721 1156 media
742 1094 812 1158 hino
832 1095 985 1158 venientes
1008 1114 1059 1156 ura
1083 1094 1218 1156 terebant

370 1203 513 1276 Adversa,
538 1204 624 1282 inde,
647 1210 680 1265 ut
701 1222 772 1276 nos,
795 1222 953 1278 converse,
976 1203 1029 1266 sed
1052 1203 1137 1266 ocius
1160 1203 1256 1266 ibant:
1376 1259 1383 1273 ,

370 1313 468 1385 Sicut,
490 1313 541 1374 ubi
564 1312 675 1376 exactis
697 1311 884 1392 complentur
903 1313 1057 1376 mensibus
1078 1313 1158 1387 anni,

371 1421 495 1485 Romani
517 1422 554 1484 ad
578 1429 780 1494 statuerem,
802 1421 910 1501 quibus
932 1422 1005 1484 dant
1021 1422 1116 1503 jubila
1139 1441 1256 1496 nomen,

370 1533 511 1594 Invenere
532 1532 624 1603 riam,
647 1549 705 1612 qua
727 1539 848 1612 pontem
869 1530 996 1611 plurima
1017 1531 1103 1596 turba
1194 1585 1205 1610 ‚

320 1645 354 1696 3ο
370 1641 446 1704 Hinc
468 1640 537 1702 inde
559 1640 710 1704 exundans
732 1640 873 1702 transiret
892 1640 986 1703 libera
1008 1659 1129 1720 gressu3

370 1750 444 1812 Nam
466 1750 557 1812 latere
579 1770 614 1813 ex
636 1769 695 1814 uno
719 1750 839 1812 castello
862 1749 1004 1824 obversa,
1026 1751 1168 1830 Petrique

372 1859 474 1922 Sancti
496 1859 604 1940 tempta
626 1867 732 1940 petens
753 1859 776 1921 it
798 1877 868 1940 pars
889 1879 965 1936 una;
987 1859 1079 1924 altera
1102 1860 1248 1940 spondam

371 1947 444 2032 Pars
466 1968 552 2030 aliam
575 1977 657 2030 tenet
678 1969 714 2031 ad
737 1978 867 2031 rnontem
888 1970 1012 2050 vestigia
1034 1972 1168 2032 flectens.

413 2079 490 2140 Hinc
510 2087 598 2158 atque
619 2078 690 2140 hino
711 2097 814 2142 saxum
835 2097 890 2159 per
910 2087 1019 2142 tetrum
1039 2080 1205 2142 Daemones
1228 2079 1271 2141 ire

321 2197 354 2250 35
372 2188 519 2252 Cornibus
542 2196 686 2263 armatos,
710 2188 831 2250 immani
854 2196 884 2250 et
903 2188 1026 2253 uerbere
1048 2189 1109 2251 vidi

372 2298 547 2362 Vulneribus
569 2297 665 2360 saeris
688 2297 805 2360 illorum
828 2307 909 2378 terga
932 2307 1073 2362 terentes.

370 2408 436 2471 Heu
457 2407 544 2482 mihi,
567 2426 804 2488 quampropere
825 2408 882 2470 hos
904 2407 1063 2488 adigebant
1084 2407 1187 2470 tollere
1209 2425 1296 2470 crura

371 2517 415 2580 Ad
436 2517 551 2597 primos
573 2517 705 2596 crepitus
725 2516 892 2598 plagarum!
914 2519 1039 2598 Jamque
1060 2517 1191 2580 secunda

371 2626 498 2688 Verbera
522 2625 711 2700 caedentum,
734 2627 779 2688 vu
801 2626 887 2688 tertia
910 2645 997 2688 nemo
1019 2627 1166 2690 manebat.

321 2739 356 2792 tu
415 2735 546 2816 Cumque
567 2735 656 2808 irem,
680 2736 831 2798 offendere
852 2736 941 2798 simul
962 2755 1028 2801 mea
1050 2736 1162 2799 lumina
1184 2735 1349 2817 quendam

371 2851 467 2924 Atque
489 2844 548 2906 cito
570 2844 645 2907 dixi:
668 2845 754 2907 Haud
775 2845 812 2906 ab
835 2863 869 2907 ea
891 2855 938 2907 est
954 2846 1058 2926 ieiuna
1080 2847 1174 2925 figura

372 2954 480 3018 Nostra
503 2953 593 3016 acies.
635 2954 765 3034 ideoque
787 2954 895 3034 pedes,
918 2962 950 3016 ut
970 2973 1095 3017 noscere
1117 2973 1249 3035 possem,

374 3063 529 3138 Continui,
552 3081 587 3126 ac
608 3062 704 3126 dulcis
725 3082 841 3126 mecum
863 3064 921 3126 dun
942 3065 1052 3128 restitit
1073 3073 1160 3146 etque

373 3173 497 3248 Annuit,
520 3181 554 3235 ut
573 3183 654 3236 retro
675 3173 796 3254 panium
818 3173 942 3253 vestigia
964 3174 1081 3237 terrem.

322 3289 356 3343 tu
372 3282 426 3345 rue
448 3291 545 3344 autem
567 3301 672 3346 caesus
693 3301 741 3344 me
763 3283 864 3346 tallere
886 3301 976 3364 posse
997 3283 1128 3364 putabat,

374 3392 459 3454 Vultu
481 3391 629 3466 demisso,
650 3412 755 3474 parum
776 3400 807 3454 at
828 3393 887 3474 ipsi
908 3396 1021 3474 profuit
1041 3403 1139 3468 astus;

374 3503 447 3564 Nam
470 3501 546 3564 dixi:
570 3503 594 3564 0
617 3514 664 3578 to,
687 3503 738 3583 qui
760 3503 866 3582 defigis
887 3503 997 3566 iumine
1020 3513 1125 3578 terrae,

375 3611 412 3673 nt
434 3610 539 3674 tattone
558 3631 634 3692 quae
656 3611 740 3691 signa
762 3611 856 3691 geris,
879 3613 1043 3676 Venenrcus
1065 3614 1115 3678 itte
1137 3634 1170 3678 es

377 3721 595 3784 Caocrnururco.
638 3723 682 3785 dd
704 3739 812 3784 menas
834 3730 894 3784 tam
916 3724 977 3786 acri
999 3724 1061 3786 sale
1083 3723 1178 3788 salsas

326 3837 360 3890 uo
378 3830 522 3904 Quisnam
545 3839 572 3891 te
594 3829 696 3894 ducit?
719 3831 859 3894 Tomis:
881 3832 949 3896 Non
970 3843 1077 3914 sponte
1099 3853 1151 3898 ora
1173 3833 1307 3908 rusulum

377 3940 435 4002 Sed
459 3949 507 4002 tua
529 3957 577 4002 me
597 3940 678 4019 cogit
698 3942 779 4004 claro
800 3959 937 4004 sermone
957 3942 1085 4024 loquela,

376 4049 612 4130 propterquam
633 4051 788 4131 antiquum
807 4069 873 4116 mea
895 4071 979 4114 mens
1000 4053 1203 4118 reminiscitur
1222 4053 1336 4120 orbem.

378 4157 430 4220 ttte
451 4159 531 4220 idem
552 4160 618 4240 ipse
640 4159 697 4234 rui,
720 4159 772 4240 qui
792 4160 873 4224 vultu
894 4170 924 4224 et
944 4181 1070 4246 corpore
1090 4163 1216 4244 pulchro

377 4268 581 4332 Praestantem
602 4269 683 4332 suasi
706 4270 861 4332 Gursottn
883 4271 991 4336 dedere
1013 4283 1128 4348 cunco,

328 4378 509 4441 nonnemo
532 4397 607 4460 quae
628 4379 735 4454 voluit,
758 4379 903 4462 quidquid
923 4383 999 4448 mala
1023 4383 1122 4448 rauna
1144 4391 1252 4446 cantet.
