3144 5164
301 401 363 466 396
740 401 874 454 ouusorsr
891 405 993 458 smil.

266 493 662 503 ——-—-——-—-·--—-

364 621 428 695 Hic,
451 622 501 703 qui
525 641 560 684 ex
581 620 655 684 valle
677 621 746 696 ima,
769 640 951 697 summarum
974 641 1050 702 quac
1071 623 1176 688 ultima
1198 642 1315 690 summa
1338 639 1399 702 est,

313 735 347 788 20
364 731 487 812 Singula
507 731 658 810 vestigans
681 739 783 794 exutas
805 751 932 812 corpore
954 732 1029 794 ritas

362 841 545 922 Hucusque
567 841 704 921 inspexit,
726 840 786 902 sibi
808 850 839 903 te
859 841 1041 921 indulgente,
1063 843 1174 923 vigoris

363 951 505 1032 lmplorat
525 960 647 1025 tanturm
669 959 703 1013 ut
722 950 805 1013 risus
827 951 961 1016 attollere
982 952 1080 1033 possit

362 1059 457 1121 Altius
480 1060 651 1140 adprimae
675 1068 887 1141 auctoremque
909 1069 1058 1142 caputque
1081 1061 1197 1125 edotio.

362 1168 407 1230 En
430 1187 494 1248 ego,
517 1187 578 1231 uon
600 1171 709 1232 ardeus
731 1178 843 1232 tautum
865 1171 964 1232 studio
987 1170 1053 1251 ipse
1074 1171 1202 1246 ridendi,

312 1284 346 1338 25
364 1278 514 1352 Quantum
535 1279 625 1359 hujus
647 1289 770 1360 propter
791 1297 901 1354 curam,
924 1287 953 1342 te
976 1299 1033 1360 qua
1054 1299 1144 1359 prece
1165 1299 1291 1360 possum

364 1388 425 1450 Oro
447 1389 529 1450 omni
551 1389 686 1469 supplex,
710 1407 747 1452 ne
770 1389 810 1451 sit
830 1405 904 1468 prex
927 1389 983 1452 ista
1005 1389 1148 1466 minoris3

362 1497 408 1569 Ut,
432 1517 507 1577 quae
528 1517 608 1560 nuuc
629 1497 769 1560 hebetant
790 1498 925 1560 mortalis
947 1499 1058 1562 lumina
1079 1499 1172 1574 risus,

363 1606 475 1670 Omnes
497 1606 644 1669 dissolvas
667 1607 736 1668 huie
757 1606 852 1670 nubes
875 1609 940 1688 ipsa
962 1610 1123 1688 precando,

361 1715 405 1778 Ne
428 1735 461 1777 se
483 1716 541 1796 ipsi
564 1715 640 1778 celet
661 1717 809 1798 Superum
830 1735 865 1779 ac
887 1725 936 1780 tua
958 1737 1074 1781 summa
1096 1717 1242 1799 voluptas.

312 1825 455 1905 actuque
477 1825 565 1886 etiam
587 1833 616 1887 te
637 1845 701 1900 oro,
723 1825 792 1902 (uui
814 1827 903 1900 enim,
925 1827 1048 1906 llegina,
1073 1829 1152 1909 quod
1175 1836 1263 1909 optas

360 1935 456 1996 Posse
478 1934 668 2014 detumeat),
690 1945 723 2000 ut
743 1945 819 2016 post,
842 1955 919 2018 quac
940 1945 1020 2000 tanta
1042 1954 1078 2000 ac
1098 1937 1224 2017 plurima
1246 1939 1330 2014 vidit,

361 2043 423 2125 lpsi
445 2045 635 2125 incorruptos
657 2065 758 2109 serres
782 2047 812 2109 iu
833 2055 956 2128 pectore
978 2065 1096 2122 sensus,

362 2155 401 2216 Et
421 2153 491 2234 vigil
512 2153 658 2218 humanos
680 2156 782 2218 vineas
804 2157 939 2220 custodia
961 2165 1072 2220 motus.

362 2265 457 2328 Cerne
478 2265 650 2327 Bearnrceu
673 2265 960 2346 circumeuntesque
982 2264 1096 2339 beatos,

311 2384 345 2439 85
361 2374 536 2456 Coniunctis
559 2373 602 2436 illi
624 2373 761 2436 manibus
782 2393 848 2436 mea
869 2383 936 2436 rota
958 2375 1133 2438 secundant

404 2485 477 2548 Tam
499 2483 606 2546 dilecta
628 2485 689 2546 Deo
711 2493 909 2564 venerataque
931 2483 1043 2546 lumina
1066 2484 1097 2547 in
1119 2485 1188 2547 illos

361 2594 460 2657 Defixa
483 2603 604 2656 orantes
626 2592 714 2656 uobis
736 2601 843 2656 testata
864 2595 994 2667 luerunt,

362 2704 458 2779 Quam
481 2711 564 2784 grato
586 2703 636 2765 illa
658 2703 758 2765 auimo
782 2704 910 2784 accipiat
931 2705 981 2784 pia
1004 2702 1093 2766 rerba
1115 2711 1281 2782 rogantum.

360 2813 436 2875 Exin
459 2821 612 2875 aeternum
634 2812 713 2876 haud
735 2813 906 2876 dubitarunt
927 2831 1071 2894 quaerere
1092 2814 1201 2889 lumen,

309 2925 344 2980 ⁴⁰
360 2923 404 2984 Ad
428 2923 507 3002 quod
530 2922 609 2984 nulla
631 2923 711 2984 loret
731 2931 835 2984 natura
858 2931 956 2986 creata
977 2922 1109 3002 putanda

361 3033 476 3096 Clarius
499 3033 663 3114 inspiciens
686 3032 762 3096 aciei
783 3033 900 3096 mittere
922 3031 1023 3094 robur.

359 3145 397 3207 At
419 3143 470 3224 qul
492 3152 663 3207 cunctarum
685 3161 794 3217 rerum,
817 3160 891 3224 quas
913 3141 1029 3206 discere
1050 3143 1182 3216 arebam,

358 3255 425 3316 lam
446 3271 541 3336 prope
563 3272 644 3316 eram
666 3253 766 3326 finem,
788 3253 971 3333 consumpsi,
993 3261 1026 3316 ut
1047 3253 1104 3317 rite
1126 3252 1260 3326 dabatur,

271 3399 277 3410 ·
358 3364 503 3427 ardorem
525 3361 679 3426 desiderii.
721 3363 897 3426 Brnnanocs
919 3363 956 3424 ad
978 3363 1035 3426 ista

308 3476 342 3530 tc
358 3476 497 3536 dnnuere
519 3481 608 3552 atque
630 3471 704 3536 milri
726 3472 869 3547 arridere,
891 3481 923 3536 ut
944 3473 1129 3553 suspicerem
1150 3472 1226 3548 alme

359 3584 420 3646 Sed
438 3585 499 3666 jam
521 3583 588 3646 talis
610 3601 691 3646 eram
713 3601 769 3663 per
789 3601 846 3656 me,
869 3581 986 3662 qualem
1008 3601 1077 3645 esse
1098 3582 1224 3644 volebat

357 3691 432 3758 Nam
456 3693 528 3755 mihi
550 3695 628 3755 laeta
650 3693 732 3756 acies
754 3692 881 3766 sincera,
903 3693 1058 3773 magisque
1079 3691 1233 3772 magisque

359 3804 399 3866 Se
421 3801 505 3864 radio
528 3801 684 3864 insinuans
706 3801 803 3866 lucem
825 3802 992 3882 penetravit
1014 3801 1045 3864 iu
1068 3801 1165 3876 altam

358 3915 382 3977 Α
404 3932 438 3976 se
460 3930 536 3993 quae
556 3931 626 3975 vera
648 3919 704 3974 est.
747 3912 790 3974 Ex
811 3910 863 3973 illo
885 3919 1020 3993 tempore
1041 3913 1140 3994 maior

308 4021 342 4076 ⁶⁰
358 4024 409 4088 Vis
431 4023 509 4088 oculi
531 4021 620 4096 venit,
644 4039 732 4102 quam
754 4021 869 4102 possim
891 4022 992 4084 dicere
1013 4021 1122 4102 lingua.
1468 3904 1474 4211 ι
1563 3989 1564 4017 ¹

358 4135 432 4197 Nam
455 4133 536 4196 cedit
556 4151 665 4205 sermo,
688 4129 768 4194 cedit
788 4131 962 4194 meminisse
983 4131 1120 4203 lacultas,

357 4245 467 4308 Pressa
491 4244 549 4308 ictu
573 4251 665 4344 tanto..
689 4273 728 4286 -
751 4241 789 4306 Ut
811 4241 861 4322 qui
884 4242 915 4305 in
938 4241 1052 4304 somnis
1075 4239 1191 4330 somnia
1212 4239 1298 4314 vidit
1467 4228 1471 4303 l

358 4353 491 4434 Postque
512 4373 557 4429 ea,
579 4369 655 4433 quae
677 4351 759 4426 ridit,
782 4363 881 4414 manet
903 4351 983 4414 intus
1005 4369 1076 4414 cura
1097 4359 1228 4431 reposta,
1463 4412 1469 4535 ρ
