3124 5170
533 479 728 532 tuuuuuouuu
745 483 811 533 ΧἿΙΙ.

173 699 357 779 Porrexique
378 698 437 778 ipsi
459 698 547 760 nodis
570 715 676 760 nexum
699 699 789 780 inque
810 699 963 780 plicatum.
1070 729 1072 738 <

116 811 158 864 tut
173 810 207 870 ln
229 809 308 870 letus
329 809 355 870 is
377 810 511 870 dextmm
533 825 651 882 versus,
674 809 865 891 peuilnmque
887 813 1031 875 recedent

173 920 197 980 A
219 918 351 998 sponda,
373 919 452 980 huno
473 918 606 980 barathri
627 919 749 981 demisit
771 918 801 981 in
824 920 882 982 ime
904 921 1056 1000 profundi.

174 1028 211 1089 Et
232 1047 363 1089 meeum:
386 1031 526 1090 nicerte
548 1045 623 1090 novo
645 1045 695 1090 res
716 1030 857 1092 succedat
878 1039 1005 1111 oportet,

174 1137 330 1210 Dicebam,
353 1137 424 1199 huin
445 1145 535 1199 nutus
556 1137 696 1211 novitati,
718 1138 770 1200 ubi
792 1139 898 1202 duotor
918 1149 1046 1221 utroque

174 1248 266 1310 Istum
289 1248 334 1308 sie
355 1246 443 1308 oouio
465 1247 610 1327 requitur.
655 1247 751 1320 Quem
773 1257 872 1312 mente
892 1251 994 1329 segeti

116 1371 159 1422 ltu
173 1357 226 1418 Est
247 1375 323 1436 opus
346 1366 376 1419 et
397 1365 483 1420 onum
505 1356 553 1417 hie
575 1372 690 1430 eorem,
715 1375 791 1438 quos
813 1375 874 1420 non
896 1360 986 1422 modo
1008 1361 1094 1434 iente,

172 1467 279 1529 Intima
302 1466 357 1528 sed
378 1466 478 1527 cordio
499 1476 620 1528 monent
640 1468 798 1548 prudentie
818 1468 978 1548 praesens!

213 1576 268 1638 lile
290 1576 363 1637 mihi
386 1576 476 1638 dixit:
499 1577 596 1650 Quem
618 1577 747 1657 primum
769 1577 850 1640 exire
870 1578 997 1653 videbis,

174 1687 260 1760 Quod
284 1686 392 1767 cupide
413 1703 537 1761 moneor
560 1697 591 1748 et
612 1688 690 1767 qued
713 1697 863 1750 nuenton
886 1690 1002 1750 somnia
1023 1697 1152 1763 vernant

175 1797 436 1878 Quamprimum,
460 1805 493 1857 ut
514 1815 570 1878 per
592 1806 656 1870 est,
680 1797 761 1858 odero
783 1813 816 1860 se
838 1797 950 1860 iumine
971 1797 1087 1880 prodet

116 1915 158 1969 tlt
174 1906 261 1980 Quod
283 1925 385 1968 verum
406 1907 473 1968 ielsi
496 1907 602 1968 faeiem
624 1904 738 1980 induit,
760 1925 855 1987 neque
878 1907 1033 1974 tuoeudum
1055 1917 1110 1982 eet,

173 2018 248 2079 Dum
269 2016 374 2089 lineet,
397 2033 524 2096 nemque
546 2015 676 2078 insontis
698 2017 771 2096 tegit
792 2035 845 2079 orn
866 2017 991 2096 pudore.

172 2127 210 2189 dt
230 2145 334 2188 vocem
355 2126 406 2186 hio
428 2143 544 2206 nequeo
565 2125 712 2198 retinere,
734 2133 881 2206 notosque
903 2145 958 2207 per
978 2127 1051 2190 intas
1103 2131 1106 2140 ⁴

171 2239 261 2310 duro,
285 2254 359 2316 quos
380 2235 477 2298 doctis
500 2235 656 2298 comoedia
677 2243 779 2298 nostro
800 2235 949 2317 propinat,

174 2347 224 2408 Sio
247 2365 282 2408 ee
305 2363 365 2408 uon
386 2346 490 2408 redeat
510 2345 641 2408 diuturni
662 2363 737 2407 enne
759 2345 878 2418 favorio,

115 2457 298 2528 imeretur,
320 2475 367 2517 me
389 2454 437 2516 his
459 2455 554 2517 oeulis
575 2455 687 2516 vidisse
708 2473 764 2535 per
784 2461 853 2518 atre
875 2473 1008 2518 cressum

174 2674 304 2738 Cuilibet
324 2674 505 2736 horrendum
527 2675 653 2753 gestanti
676 2677 772 2738 ferree
795 2675 902 2748 cordon

69 2527 73 2683 Ι
174 2566 211 2627 Et
231 2565 350 2644 nigrum
372 2563 512 2645 quiddam
534 2565 660 2628 monstri
683 2565 842 2628 emersisse
865 2555 1014 2639 nutendm'

68 2698 72 2843 Ι
175 2785 211 2847 Ut
231 2785 311 2847 redit
331 2785 372 2858 is,
395 2783 507 2846 salsum
529 2785 579 2864 qui
603 2805 636 2846 se
656 2784 767 2866 dejeeit
788 2784 819 2846 in
842 2801 961 2866 aequor,

175 2895 284 2956 Nouem
307 2902 497 2974 exempturus
518 2895 629 2956 terreto
650 2895 739 2956 deute
760 2903 914 2968 retentem,

69 2994 72 3105 i
116 3015 159 3068 125
177 3005 234 3079 Qui
257 3003 502 3084 scopulum‚=aut
523 3003 604 3066 niiud
625 3013 760 3084 prenset,
785 3005 864 3084 quod
887 3005 1035 3068 clauditur
1053 3006 1152 3082 undis,

68 3110 72 3203 i
174 3116 286 3196 Atque,
310 3125 343 3176 nt
363 3125 538 3192 consurget,
561 3131 594 3176 se
617 3113 751 3176 extendit
770 3122 854 3194 porte
876 3132 1014 3195 superne,

176 3225 251 3287 Dnm
271 3224 401 3305 pedibus
421 3223 521 3286 nitens
542 3222 673 3286 membre
696 3223 839 3286 inferiore
861 3233 1002 3288 coeromt.

67 3474 70 3687 ι
655 3483 754 3567 utu

217 3666 261 3727 En
284 3667 347 3726 iera
368 3663 479 3727 caudae
501 3664 565 3726 acie
586 3663 717 3744 poliens,
741 3681 816 3743 queo
838 3663 998 3726 transfodit
1017 3664 1117 3746 Alpes,

174 3775 212 3838 Et
232 3775 343 3856 rumpit
364 3791 466 3836 muros
487 3782 576 3855 etque
596 3791 693 3847 urme3
716 3791 754 3834 en
775 3772 888 3847 helino,
910 3773 989 3836 tristi

176 3885 259 3958 Quae
281 3893 404 3948 cuncus
425 3884 528 3946 mundi
550 3893 645 3946 terres
667 3885 791 3966 infestet
811 3882 918 3945 odore!
941 3917 982 3930 --

66 3966 69 4092 μ
175 3995 238 4056 Dux
258 4009 343 4056 meus
365 3994 413 4056 his
437 3994 503 4056 iniit
522 3993 636 4066 verbis,
659 4005 748 4073 eupue
770 3993 875 4054 annuit
896 3993 965 4074 ipsi,

66 4106 68 4153 Ι
142 4105 212 4166 nur
235 4112 332 4166 teneat
352 4105 464 4185 ripam,
487 4103 598 4165 eeleete
620 4103 670 4164 ubi
693 4119 839 4164 marmore
863 4103 931 4166 finis

172 4213 304 4276 Limitet.
341 4214 401 4298 ΙΙΙΙε
424 4221 522 4276 nutem
544 4212 717 4274 foedissime
739 4213 852 4275 fraudis
875 4213 972 4294 inrogo

173 4323 310 4398 Adstitit,
334 4333 422 4404 etque
445 4333 535 4403 mpm
557 4333 751 4402 truncumque
773 4321 904 4385 admovit
924 4313 1047 4398 arenam

174 4433 235 4496 Sed
258 4451 315 4494 non
338 4433 466 4495 extraxit
487 4433 609 4495 sinuosa
631 4431 780 4494 volumine
803 4433 925 4495 candae.

65 4618 500 4646 Μ...-
