3170 5172
578 481 770 532 lllFEllNOllUll
789 481 844 531 xlv.

215 697 332 768 Nudos,
357 705 444 777 atque
467 715 571 760 omnes
593 697 677 760 valde
698 698 869 760 miserabile
891 701 1013 774 flentem
1048 711 1050 718 ’

217 809 275 882 Qui
297 807 370 869 mibi
393 817 463 869 sunt
483 807 539 868 risi
562 808 677 870 diversa
701 809 765 886 lege
787 811 893 872 teneri.

216 919 289 981 llam
312 917 454 998 resupina
477 901 542 978 solo
565 935 638 994 gens
661 918 805 996 quaedam
828 927 920 980 strata
939 919 1076 1000 jacebam

217 1026 370 1101 Quaedam
392 1027 464 1088 sede
487 1026 608 1097 sedans,
631 1035 711 1088 arcte
734 1036 945 1109 contractaque
968 1027 1081 1102 stabam

166 1154 200 1204 2⁰
217 1137 316 1198 Altera
338 1137 480 1197 continuo
503 1152 577 1214 gens
600 1135 662 1196 ibat
682 1136 800 1197 concita
822 1147 914 1198 motu.

219 1247 301 1320 Quae
324 1245 474 1318 circumit,
497 1245 594 1325 major
614 1245 723 1318 multo,
746 1245 845 1306 minor
866 1246 958 1308 altera
979 1267 1095 1327 poenae

217 1356 356 1418 Subdita:
381 1364 411 1416 at
432 1355 488 1416 ista
511 1355 606 1432 magis
629 1354 762 1416 solvebat
783 1355 886 1417 fraena
907 1355 1003 1418 dolori

216 1466 339 1546 dilapsu
360 1466 441 1527 lento
463 1466 647 1526 llammamm
670 1483 799 1544 expansa
820 1464 962 1544 pluebant

217 1575 346 1647 Vellera,
370 1591 514 1636 arenosus
537 1591 659 1654 campus
682 1593 866 1654 quacumque
888 1579 1025 1654 patescit,

166 1693 200 1747 25
217 1685 271 1747 Nix
293 1685 392 1765 alpina
415 1684 507 1755 velut,
532 1682 621 1744 nullia
645 1684 828 1763 spirantibus
851 1684 941 1745 auris.

217 1789 344 1869 Quales,
368 1793 489 1856 assiduo
512 1811 568 1873 qua
590 1793 704 1854 torrida
727 1793 819 1854 lervet
841 1792 877 1854 ab
901 1802 985 1855 aestu

217 1903 315 1977 ludia,
339 1903 483 1966 militibus
505 1902 633 1964 Pellaeis
655 1901 788 1964 incidere
810 1902 895 1980 ignes

216 2013 295 2076 Vidit
316 2015 509 2084 Asusamus,
533 2011 706 2091 solidosque
728 2011 901 2074 incumbere
923 2021 1035 2085 terrae3

218 2123 316 2196 Quare
338 2122 510 2203 provisens,
531 2121 637 2201 juncto
660 2121 748 2181 simul
771 2121 903 2198 agmine,
921 2121 1014 2200 jussit

166 2249 200 2301 ao
218 2232 397 2296 Conculcare
421 2231 517 2292 solum
539 2229 680 2309 pedibus,
704 2247 770 2290 nam
793 2249 883 2308 posse
905 2249 1043 2310 vaporem

217 2343 346 2404 Noverat
367 2339 513 2417 exstingui
536 2338 658 2412 melius,
681 2339 751 2400 dum
774 2339 856 2400 solus
879 2338 991 2400 adurit:

218 2451 298 2513 Talis
321 2462 385 2512 erat
405 2449 471 2510 sine
493 2467 576 2510 more
599 2449 700 2510 lurens
723 2447 862 2528 delapsus
885 2449 921 2509 ab
944 2449 1003 2510 alto

217 2563 361 2624 letemus
383 2558 480 2631 calor,
502 2559 581 2620 unde
604 2559 701 2619 omnis
722 2558 865 2637 flagrabat
886 2577 985 2632 arena,

218 2670 378 2752 Supposita
400 2677 432 2730 ut
454 2668 530 2729 silici
554 2687 695 2730 excussae
717 2667 908 2730 succenditur
929 2685 1008 2742 esca,

166 2791 200 2844 ³5
217 2780 340 2860 Duplice
363 2786 395 2840 ut
416 2776 562 2840 excruciet
585 2796 691 2858 poena.
734 2778 794 2839 Pax
816 2777 895 2840 nulla
918 2777 1051 2850 dabatur,

104 2882 108 2890 '
216 2889 301 2952 Nulla
324 2887 410 2968 quies
431 2887 542 2950 misere
564 2887 728 2968 compulsis
749 2887 852 2950 ludere
875 2886 976 2949 ludum

218 2998 396 3062 Continuam
418 2997 571 3069 manibus,
594 3016 673 3059 nuno
695 2997 766 3059 binc
787 3015 865 3058 nunc
887 2996 957 3058 inde
978 2999 1096 3076 repulsa
1209 3057 1221 3082 0

218 3108 255 3169 llt
274 3107 319 3168 ris
341 3125 436 3186 usque
459 3125 564 3168 reeens
587 3106 702 3168 ardoris
724 3101 842 3183 longius
864 3106 930 3167 iret.

260 3218 344 3280 Tunc
366 3234 438 3294 ego:
462 3217 657 3296 Praeceptor,
681 3215 728 3276 cui
752 3217 797 3276 las
820 3225 865 3276 est
880 3216 1005 3281 ⁸vincere
1027 3193 1141 3286 ondeta,

167 3335 201 3388 4⁰
217 3327 339 3389 Praeter
361 3327 501 3390 durorum
523 3325 697 3405 praecordia
720 3303 958 3397 Daemoniorum,

219 3437 347 3516 Surgere
370 3455 445 3530 quae
468 3435 527 3496 vidi
549 3453 605 3496 nos
629 3442 732 3496 contra
754 3435 785 3495 in
806 3435 910 3496 limine
932 3445 1045 3514 portae,

220 3547 363 3620 Quisnam
387 3557 434 3609 est
455 3544 505 3606 ille
528 3545 648 3622 ingens,
672 3543 722 3624 qui
745 3563 804 3605 non
827 3563 930 3606 curare
952 3544 1069 3607 ridetur

219 3655 382 3726 Flammas,
406 3663 437 3717 et
454 3654 536 3733 jacet
556 3653 717 3726 insultans,
741 3661 908 3717 transversa
931 3654 1050 3725 tuendo,

218 3763 256 3827 llt
276 3764 350 3826 mibi
373 3763 413 3825 sit
433 3764 515 3827 visus
537 3765 669 3826 nondum
690 3763 849 3824 mitescere
871 3763 908 3824 ab
929 3761 1047 3826 imbre?

166 3870 321 3955 taleque,
345 3872 395 3935 ubi
417 3891 465 3936 me
488 3873 583 3936 sensit
604 3873 760 3935 scitantem
782 3891 907 3946 nomen,
929 3882 958 3935 et
979 3893 1051 3936 ausa

217 3986 242 4047 d
263 3982 386 4046 doctore
408 4003 477 4056 sua,
502 3983 669 4046 exclamans
690 3983 764 4044 boec
784 3991 906 4061 pectore
928 3982 1017 4045 ludit:

220 4092 323 4166 Qualis
347 4109 402 4170 ego
423 4093 497 4166 rixi,
520 4093 588 4154 talis
609 4099 680 4172 post
701 4093 803 4154 lunera
825 4105 938 4172 persto.

219 4201 251 4264 Si
274 4203 389 4266 labrum
412 4205 478 4284 ipse
500 4221 584 4264 suum
608 4203 739 4288 delasset
758 4203 918 4276 Jnrrrren,
941 4221 957 4264 a
980 4222 1039 4284 quo

219 4311 266 4374 lra
288 4313 508 4375 excandescens
531 4312 647 4392 accepit
667 4311 778 4373 tulmen
800 4320 926 4385 acutum,

166 4439 202 4494 ω
221 4422 287 4495 Quo
309 4440 357 4483 me
379 4422 528 4503 percussit
549 4431 702 4501 postremo
725 4429 860 4500 tempore
881 4422 976 4494 vitam
