3144 5164
579 379 711 428 ranlnlst
732 380 807 430 xllx.

93 469 570 480 f———n-w--w

80 542 84 665 d
197 593 395 673 Hieronymus
417 596 548 676 scripsit,
571 597 663 659 multo
686 605 755 662 ante
778 598 809 660 in
831 595 952 659 luminis
975 616 1044 660 oras

81 678 84 767 ἶ
147 703 304 764 sanxisse
326 703 471 782 aligeros,
495 714 525 767 et
546 707 665 769 saecula
687 709 780 788 lapsa,
802 707 977 788 priusquam

197 814 253 874 llic
274 813 403 874 mundus
425 815 519 877 fieret
562 818 623 878 Sed
645 837 745 879 rerum
766 818 825 879 hoc
847 817 966 879 llamine
989 818 1100 880 Sancto

197 923 281 986 ltlulti
303 925 422 984 allionte
443 924 499 986 viri
520 925 633 1005 passim
655 927 803 1006 scripsere
825 925 999 1004 legendum3

197 1033 234 1094 Et
256 1042 296 1105 lu,
321 1035 345 1094 si
368 1033 513 1113 inspicias
535 1036 629 1098 delixa
651 1045 758 1109 mente,
781 1035 907 1098 videbis.

197 1143 231 1205 ld
253 1145 374 1222 quoque'
393 1143 547 1224 paulisper
567 1146 644 1208 ratio
665 1147 747 1207 ridet
768 1145 842 1226 ipsa,
865 1153 1022 1223 negatque,

148 1253 182 1307 lu
199 1253 271 1313 Tam
295 1271 431 1314 cessasse
453 1253 504 1316 din
526 1263 658 1316 motores
679 1256 707 1317 ri
730 1255 795 1316 sine
817 1255 914 1334 plena.

241 1363 308 1424 Scis
330 1363 430 1434 modo,
453 1363 502 1424 uhi
525 1363 645 1436 luerint,
669 1383 788 1444 quoque
811 1363 861 1425 isti
885 1372 1019 1443 ternpore
1040 1365 1164 1427 Amores

197 1472 435 1552 Facti,.quoque
456 1473 557 1535 modo.
602 1474 652 1536 Sic
675 1475 773 1546 ardor,
796 1473 914 1553 triplice
936 1474 1053 1536 llamma

83 1606 85 1633 ι
199 1581 257 1654 Qui
280 1582 421 1644 desiderii
444 1583 623 1656 stimulabat,
647 1583 771 1646 adurere
793 1583 899 1663 parcit.

197 1691 251 1752 Vix
275 1711 365 1753 unum
387 1711 547 1754 numerans
570 1694 671 1756 decies
693 1693 901 1774 duplicaveris,
925 1712 959 1754 ex
983 1711 1042 1772 quo

129 1813 182 1894 ¹la
198 1801 272 1863 Pars
294 1819 400 1880 magna
420 1803 570 1880 dligcrum
591 1803 719 1864 turbavit
739 1811 837 1865 restra
861 1802 985 1864 serentis

200 1911 311 1973 Terrae
333 1912 479 1974 elementa
501 1920 610 1974 statum
633 1921 736 1974 toturn.
780 1911 870 1976 Stetit
892 1911 982 1972 altera
1006 1923 1035 1974 et
1057 1913 1133 1987 istis,

199 2021 281 2093 Quas
303 2029 334 2084 tu
357 2021 514 2096 discernis,
537 2029 596 2084 tam
619 2023 696 2084 laeta
718 2030 765 2084 est
786 2021 898 2083 artibus
920 2039 985 2092 usa,

197 2129 236 2191 Ut
257 2129 444 2192 versabundo
467 2151 617 2212 nunquam
641 2132 776 2194 discedat
797 2130 834 2192 ab
857 2129 941 2192 orbe.

239 2240 357 2312 Festus,
379 2240 463 2302 triste
484 2242 604 2316 malum,
627 2241 716 2314 illius,
739 2259 828 2322 quem
849 2239 983 2320 pondere
1005 2258 1137 2304 summae

148 2354 182 2408 50
197 2349 303 2411 Vidisti
325 2357 388 2411 toto
411 2367 625 2430 compressum,
648 2350 744 2430 prima
765 2350 869 2413 ruinae

199 2459 309 2522 Caussa
332 2461 396 2525 luit
440 2461 523 2534 Quos
545 2461 595 2522 hic
617 2469 663 2523 est
684 2479 816 2535 cernere,
839 2459 930 2522 corde
952 2460 1089 2521 modesto

197 2569 239 2632 De
262 2587 295 2630 se
318 2579 485 2644 senserunt,
508 2572 592 2643 lassi,
614 2590 648 2634 se
670 2579 775 2632 cuncta
797 2571 909 2632 relerre

196 2678 365 2758 indulgenti
388 2687 508 2760 accepta
531 2681 593 2742 lieo
616 2681 694 2742 bona
713 2689 791 2744 unta
814 2677 935 2740 tuenda.

199 2789 297 2864 Quare
319 2790 426 2852 horum
448 2790 572 2852 intuitus
593 2790 746 2853 illustrans
768 2788 862 2868 gralia
885 2788 989 2868 pensis

148 2900 181 2954 55
197 2898 300 2960 Erexit
321 2898 443 2972 meritis,
467 2899 538 2980 quin
561 2901 645 2980 ipsos
666 2901 751 2962 lirma
772 2899 909 2960 voluntas

197 3008 353 3071 Ileslituat.
396 3008 472 3071 Nolo
494 3011 623 3084 dubites,
646 3009 699 3072 sed
722 3019 821 3071 mente
843 3007 961 3070 tenebis

198 3119 294 3190 Certa,
317 3119 434 3198 parenti
456 3119 595 3192 stimulis,
618 3137 694 3199 quos
715 3118 809 3194 gratia
832 3117 942 3188 subdit,

197 3228 306 3304 dugeri
327 3226 477 3298 meritum,
498 3238 588 3308 prout
609 3247 661 3290 cor
682 3227 822 3308 expandit
843 3243 985 3289 amorem.

238 3338 363 3416 Jamque
384 3337 443 3399 hoe
465 3338 502 3400 de
524 3346 611 3400 coetu
632 3337 755 3399 veniunt
774 3335 829 3398 libi
850 3336 940 3398 multa
961 3336 1099 3412 videnda,

149 3446 230 3508 eost
253 3465 318 3508 mea
340 3447 429 3510 rerba
452 3447 536 3526 legis,
559 3449 641 3512 nullo
663 3447 822 3510 auxiliante
844 3445 997 3524 magistro.

196 3560 234 3619 dt
256 3557 395 3637 quoniam
418 3556 448 3618 in
470 3559 559 3620 terris
580 3565 697 3621 restrae
717 3556 847 3618 docuere
868 3557 1016 3634 palestrae

196 3665 340 3727 llaturam
362 3667 532 3746 Argolicam
555 3666 665 3747 triplici
686 3666 794 3727 uirtute
814 3664 923 3738 valere,

197 3775 319 3836 Scilicet
340 3775 418 3836 hanc
439 3777 604 3856 intelligere
628 3785 657 3840 et
677 3775 851 3838 meminisse
872 3773 1020 3854 simulque

196 3883 287 3956 Velle,
310 3893 343 3946 ut
364 3903 535 3964 germanum
556 3886 657 3967 possis
680 3902 862 3964 cognoscere
883 3903 997 3958 rerum,

148 3999 180 4053 ta
198 3993 286 4068 Quod
309 3994 386 4058 solet
407 4013 423 4058 a
445 3997 552 4058 vestris
574 3995 726 4068 conlundi,
750 3995 836 4074 queis
857 3995 934 4056 male
957 3994 1050 4058 cessit

195 4103 257 4165 lsto
279 4102 356 4165 liber
375 4104 480 4179 lectus,
499 4106 583 4186 jurat
603 4106 744 4168 ulteriora
765 4105 890 4186 prolan'.

240 4213 278 4275 Ut
298 4213 392 4276 semel
413 4215 467 4276 has
488 4215 564 4280 vitos
585 4217 709 4297 proprio
731 4215 811 4278 Deus
833 4233 885 4276 ore
907 4213 1013 4286 beavit,

195 4322 348 4403 Nusquam
371 4325 526 4388 devertunt
547 4326 651 4388 oculos
673 4325 705 4387 ln
727 4323 856 4403 imagine
877 4324 962 4396 lixos,

720 4522 1283 4536 .--—-—-——u——0.-
