3142 5166
585 419 764 472 PllllGdTOllll
784 421 811 472 X.

78 468 83 581 l

186 641 236 704 Sic
258 661 340 713 raro,
365 648 397 701 ut
418 640 501 720 prius
524 637 654 715 attigerit
674 657 744 718 pars
766 655 871 701 manca
894 655 1034 702 recurvae

187 753 288 814 Lunae
308 745 547 833 jam'proprium
570 767 639 810 mox
661 749 833 826 ingressura
856 747 964 819 cubile,

188 861 283 934 Quam
308 863 352 922 las
375 867 455 921 esset
477 875 549 920 acus
572 858 652 920 exire
674 859 819 922 toramine
840 858 929 920 nobis

187 971 231 1032 Ex
252 970 315 1032 illo.
359 969 454 1048 lltque
477 985 580 1028 sumus
603 967 669 1028 loca
691 967 784 1030 libera
806 977 968 1048 apertaque
990 968 1077 1043 nacti,

143 1087 171 1140 15
189 1080 289 1143 Clivus
311 1078 362 1141 nbi
384 1078 463 1140 cedit
483 1085 584 1148 retro,
608 1095 736 1157 seseque
758 1086 898 1152 coarctat,

188 1191 301 1252 Lassus
324 1205 420 1258 eram,
444 1185 584 1266 doluique
607 1185 711 1259 ambo,
735 1205 793 1266 qno
817 1187 939 1248 tendere
960 1205 1091 1266 gressus,

190 1300 346 1378 Quamque
368 1305 471 1358 tenere
493 1295 571 1358 viam
593 1304 674 1358 esset
694 1315 780 1377 opus.
824 1296 886 1358 Nos
908 1315 1031 1377 campus
1052 1297 1182 1360 lralreltat

189 1410 260 1471 Plus
283 1405 498 1478 multosdies,
522 1422 610 1485 qnam
634 1405 694 1467 sint
714 1425 770 1486 per
790 1406 940 1485 inhospita
962 1406 1064 1469 calles.

189 1519 280 1580 latios
303 1536 319 1578 a
342 1515 472 1597 sponda,
495 1533 584 1595 quam
605 1515 825 1578 circumscribit
847 1515 944 1589 inane,

140 1643 172 1694 att
188 1628 289 1708 Usque
312 1624 348 1687 ad
370 1625 488 1688 radices
510 1625 602 1697 altae,
626 1641 683 1705 qna
706 1632 752 1686 cst
772 1625 932 1696 scandere,
955 1625 1040 1706 ripae

190 1736 332 1817 Corporis
354 1734 476 1796 hnmani
497 1735 602 1816 triplex
624 1752 764 1796 mensura
785 1741 914 1814 pateret:

188 1847 226 1910 lit
248 1843 346 1926 quoad
368 1863 385 1906 a
408 1843 490 1906 laeva
512 1843 648 1906 dextrave
670 1843 830 1908 extendere
852 1844 954 1925 quibat

187 1956 297 2018 Nostra
318 1954 397 2016 acics
420 1954 498 2027 alas,
521 1954 589 2015 talis
604 1953 684 2016 'milri
705 1954 768 2017 visa
790 1971 901 2016 corona

188 2066 242 2127 Est
263 2065 348 2127 haec.
391 2063 581 2126 Nostraillio
603 2065 735 2126 nondum
757 2073 945 2144 promoverat
966 2083 1060 2128 unum

140 2183 171 2236 aa
188 2175 293 2238 Planta
313 2173 454 2250 gradum,
478 2173 722 2254 circumspiciens
745 2193 812 2236 cum
833 2173 910 2236 hanc
930 2175 1063 2255 undique
1084 2193 1198 2255 rupem,

78 2210 81 2365 l
190 2285 273 2358 Quae
296 2283 395 2345 nrinus
417 2283 595 2346 adscensum
618 2285 783 2346 concedere
801 2283 878 2365 juris
900 2283 1037 2358 habehat,

189 2394 321 2473 Cognovi
344 2393 422 2454 lianc
444 2385 536 2456 totarn
558 2394 676 2456 canenti
698 2413 734 2456 ex
755 2411 912 2466 marmore,
937 2393 1040 2456 formis

189 2505 320 2568 celatam
343 2503 403 2576 sic,
425 2511 459 2564 ut
480 2519 541 2564 non
558 2504 622 2583 jana
643 2503 827 2584 Polycletus,
850 2509 879 2566 at
900 2503 967 2583 ipsa

189 2615 299 2676 Natura
321 2613 371 2674 hic
392 2612 528 2692 pendens
550 2613 700 2676 haesisset
722 2615 796 2675 victa
821 2613 945 2694 pudore.

141 2739 173 2791 so
231 2722 364 2800 Angelus
386 2721 416 2782 in
439 2731 550 2784 meram
570 2723 698 2796 missus,
721 2724 772 2805 qui
789 2723 916 2786 foedera
937 2723 1020 2804 pacis

190 2834 353 2906 Firmaret,
375 2831 484 2894 multos
508 2841 583 2912 qnae
606 2831 787 2913 complorata
808 2851 864 2912 per
885 2851 987 2896 annos

190 2943 265 3006 Post
286 2941 475 3003 interdictum
498 2942 619 3021 longum
642 2944 784 3023 patefecit
806 2943 972 3024 Olympum,

191 3055 267 3115 Ante
290 3051 395 3112 oculos
417 3051 534 3124 aderat,
558 3061 617 3114 tam
639 3071 727 3114 verns
748 3053 891 3131 imagine,
913 3061 1032 3133 tamque

190 3161 280 3224 Suavi
303 3163 487 3240 compositus
510 3170 609 3240 gestu,
632 3171 664 3223 ut
684 3171 797 3225 mutum
820 3181 888 3224 esse
910 3181 1052 3243 negarem

142 3281 173 3336 35
188 3273 313 3333 iurares
334 3270 415 3332 lrnnc
436 3270 551 3334 dicere:
575 3265 654 3334 Auel
675 3291 743 3334 narn
765 3273 898 3352 proxima
920 3271 1027 3346 stabat,

191 3381 275 3454 Quae
296 3379 480 3442 reclusorum
502 3383 636 3460 supremi
658 3383 766 3462 pignus
788 3383 899 3444 amoris

190 3490 344 3554 Convertit
365 3490 491 3564 clavem,
515 3491 630 3570 eflugies
653 3511 780 3574 operosa
802 3493 952 3569 magisne,

190 3599 326 3680 Tamque
349 3598 451 3662 habitu
473 3601 613 3681 proprio,
635 3612 756 3683 tamque
778 3621 830 3665 ove
853 3601 1001 3665 simillima
1022 3601 1111 3664 land:
1208 3625 1210 3631 ·

191 3711 265 3773 Ecce
286 3710 398 3772 ancillo
420 3709 490 3783 Det,
514 3731 603 3791 quam
626 3711 712 3790 signo
735 3713 881 3792 impressa
902 3713 995 3790 ligura

141 3831 175 3884 to
191 3819 225 3882 ln
246 3837 325 3882 cera.
347 3852 390 3864 -
411 3819 496 3883 llaud
519 3820 623 3884 oculos
644 3831 759 3904 partem
781 3821 901 3899 deligito
923 3820 954 3882 in
976 3839 1075 3893 unam,
1098 3897 1102 3900 ,

191 3929 293 3992 llulcis
316 3928 357 3990 ait
378 3931 513 4010 sapiens,
537 3931 588 4011 qui
611 3951 658 3994 me
681 3932 738 3994 sibi
760 3950 840 4012 pone
862 3931 1016 3992 sinistrum

190 4039 394 4116 stringentem
415 4040 493 4102 latus
514 4041 659 4122 adspexit.
704 4042 779 4103 Tum
801 4041 912 4104 lomina
933 4042 1020 4113 movi,

190 4153 288 4230 Atque
310 4149 359 4210 hic
380 4157 452 4230 post
472 4151 588 4214 Mancre
611 4153 730 4232 signnm
752 4170 808 4233 qno
833 4171 868 4214 ex
889 4159 973 4231 parte
993 4147 1133 4212 manebat

191 4259 333 4320 llortator
354 4259 469 4334 dexter,
492 4263 585 4324 series
608 4281 707 4324 rernm
730 4261 822 4324 altera
845 4262 911 4341 rupi

75 4414 78 4473 p
139 4379 173 4433 ts
191 4369 334 4450 imposita
357 4371 502 4444 occrrrrit,
526 4389 616 4451 quare
639 4371 727 4434 simul
749 4373 814 4452 ipse
836 4378 956 4452 poetam

73 4500 77 4555 l
