3142 5166
319 391 379 458 les
743 393 924 450 ruaearenu
942 395 999 448 xvi.

381 609 415 674 Ut
437 622 536 693 pateat
557 611 707 674 cernenda
728 611 822 675 ocutis
843 611 1094 694 monstranteque
1116 615 1221 694 ruiq03

379 723 513 802 Namque
535 721 610 788 alter
631 722 727 796 poete,
750 722 838 786 terrie
860 722 936 784 tanne
958 723 1067 786 asserit
1087 723 1173 788 atter.

420 831 474 896 ttte
490 838 592 898 ,eutem
615 832 697 895 duxit
718 833 869 908 gemitum,
893 849 981 911 quem
1002 834 1091 898 vertit
1113 835 1145 896 in
1165 853 1257 900 unum

327 944 361 996 tt
379 941 477 1004 Triste
499 934 591 1006 elaea!
612 941 700 1004 detor
720 941 917 1020 adstringens,
940 941 1009 1006 dein
1031 943 1139 1008 utinm
1162 944 1241 1008 intitz

379 1051 507 1116 nundus
530 1050 667 1124 caecutit,
690 1058 799 1130 tuaque
821 1050 890 1114 inde
912 1060 1031 1116 emamt
1051 1052 1146 1129 erige,

380 1160 493 1226 Frater.
536 1161 595 1222 Vos
617 1160 684 1233 riri,
706 1178 759 1222 ves
782 1159 923 1224 derivatis
945 1161 977 1226 iu
998 1168 1077 1224 aetra

378 1271 416 1332 Εῑ
437 1269 553 1336 eoelum
575 1285 712 1332 caussam
734 1269 875 1348 quamvis,
899 1277 931 1334 ut
952 1271 979 1334 ei
1001 1271 1100 1336 emnia
1122 1272 1239 1338 eoelum

379 1381 489 1444 Secum
511 1387 612 1457 ageret
633 1385 714 1442 metu
737 1377 817 1442 satuti
840 1387 870 1440 et
892 1379 1014 1443 foedere
1035 1387 1129 1444 uerte.

329 1497 362 1550 tt
380 1491 418 1551 At
439 1489 465 1551 ei
487 1489 518 1554 id
540 1489 616 1554 torte
638 1495 734 1568 puae,
756 1489 846 1567 periit
866 1489 911 1552 vis
934 1488 1025 1552 tibere
1048 1491 1141 1554 vestri

379 1599 511 1672 arbitrii,
532 1593 610 1664 haud
634 1615 759 1676 usquam
779 1598 963 1678 adspineres,
986 1618 1062 1678 quae
1085 1601 1162 1666 saeta
1184 1602 1339 1682 rependat,

379 1709 537 1781 lusatiam,
560 1715 588 1770 et
608 1705 710 1784 lugere
731 1706 839 1780 bunne,
862 1707 991 1786 gaudere
1013 1709 1169 1774 scelestes.

422 1819 447 1880 A
469 1817 554 1880 coele
577 1815 664 1895 primi
686 1816 808 1879 veniunt
829 1817 861 1878 in
882 1825 1003 1896 pectora
1025 1829 1140 1882 metus:

379 1929 446 1990 Non
468 1945 583 1998 omnes,
608 1926 744 2006 iuquam
767 1927 908 2006 quamvis,
931 1927 957 1990 si
980 1928 1038 1990 hee
1057 1947 1194 1994 asserere
1216 1931 1322 2002 ausim.

330 2046 364 2097 te
380 2038 439 2100 Pru
461 2035 547 2098 vebis
568 2035 642 2098 reati
663 2054 698 2098 ae
720 2037 802 2116 pravi
822 2035 990 2116 justissima
1008 2037 1101 2119 judex

381 2148 447 2210 Stat
467 2145 542 2208 ratio
565 2151 595 2208 et
619 2143 701 2208 nulla
722 2145 927 2224 expugnabilis
949 2153 1011 2210 arte
1032 2147 1168 2212 veluntas

381 2255 505 2328 Libera3
527 2263 558 2318 et
578 2255 661 2328 haee,
685 2255 782 2334 prime
804 2256 908 2318 durata
929 2257 961 2318 iu
981 2256 1101 2322 turbine
1125 2273 1242 2340 pugnae

382 2366 491 2429 Contra
512 2364 571 2426 rim
593 2364 679 2436 noeti,
701 2382 800 2446 pugna
822 2364 959 2428 discedet
978 2365 1015 2430 ab
1036 2367 1127 2440 omni,

381 2475 415 2537 Si
436 2475 514 2542 bene
535 2481 640 2553 peetus
662 2473 730 2544 atat,
753 2481 837 2554 parte
859 2474 1004 2538 laudanda
1027 2476 1187 2556 triumpho.

331 2591 364 2645 tt
423 2585 521 2645 Virtus
543 2601 597 2646 ves
617 2584 723 2665 major,
745 2583 854 2646 melier
875 2593 978 2648 natura
1000 2585 1141 2652 subactas

382 2694 555 2772 Temperat,
578 2692 720 2757 ineolumi
741 2694 880 2768 arbitrieq
902 2703 991 2774 atque
1012 2695 1087 2758 haee
1109 2696 1174 2776 ipen
1197 2698 1308 2762 crearit

380 2804 415 2866 ln
437 2802 522 2863 vobis
543 2809 682 2872 mentem,
704 2821 782 2881 quae
803 2804 879 2870 eneti
901 2804 981 2868 hund
1002 2805 1109 2870 tradita
1131 2823 1219 2872 curae
1241 2816 1298 2872 eet.

382 2913 492 2988 Quare,
514 2912 541 2974 si
562 2928 706 2990 praesens
727 2911 857 2978 muudus
878 2931 932 2980 res
954 2915 1071 2980 tramite
1092 2925 1175 2980 reete

259 3024 262 3083 t
382 3021 519 3096 Abducit,
541 3019 670 3100 primum
692 3039 746 3082 ves
768 3021 849 3084 intus
872 3025 1004 3103 quaerite
1026 3043 1180 3100 messanae

259 3088 262 3194 i
331 3139 365 3196 80
382 3133 478 3212 Atque
500 3130 575 3194 meis
597 3128 697 3196 verbis
718 3132 794 3194 haee
815 3133 916 3196 emnia
938 3153 1006 3198 vera
1028 3133 1174 3213 probabo.

258 3203 263 3345 Ι
383 3241 466 3304 Illius
488 3240 563 3306 haee
584 3239 680 3304 enimn
704 3259 721 3303 e
742 3241 890 3312 manibus,
913 3243 964 3322 qui
986 3244 1112 3324 suspicit
1133 3245 1237 3325 ipsam,

259 3372 262 3488 Ι
382 3351 456 3412 tute
477 3349 536 3412 trui
559 3367 648 3429 quam
670 3349 807 3423 detrita,
830 3351 984 3418 devinctus
1006 3372 1114 3426 amore,

384 3460 492 3526 intanti
515 3459 642 3522 similem
664 3459 802 3524 lacrimas
824 3461 969 3542 lususque
990 3463 1118 3526 cientem

260 3506 263 3696 ι
382 3569 464 3631 More
486 3567 621 3649 puettari,
646 3568 770 3650 simplex
792 3571 954 3652 ignaraque
976 3589 1076 3636 rerum

259 3710 263 3743 t
332 3687 366 3742 85
383 3676 521 3750 Prosilit;
544 3677 683 3758 excipito,
706 3679 836 3746 auctoris
858 3681 938 3759 quod
959 3690 1039 3746 meta
1062 3683 1158 3746 sutri

383 3786 574 3850 Laetificaute
595 3785 711 3860 tabens,
734 3805 793 3868 que
815 3807 849 3850 se
870 3789 1021 3854 obtentum
1043 3791 1168 3865 aetatu,

383 3894 572 3971 Regreditur.
615 3895 787 3976 Parrueque
808 3896 880 3960 beni
902 3917 993 3980 saper
1013 3900 1105 3966 attieit
1126 3901 1209 3966 illum

383 4004 554 4084 Principina
576 4003 664 4070 iethie
686 4005 841 4086 deripitur,
865 4015 964 4073 tamen
985 4009 1074 4076 incita
1094 4011 1126 4074 iu
1147 4012 1237 4076 istum

260 4124 263 4199 t
383 4113 498 4186 Fertur,
522 4114 552 4176 ni
574 4115 690 4180 menum
711 4116 757 4180 vet
780 4117 839 4181 dux
860 4117 998 4186 deflectat
1019 4129 1176 4188 manwen.

331 4235 366 4288 ee
385 4222 484 4296 Quare
507 4231 554 4286 est
575 4222 612 4292 ud
634 4223 731 4304 legem
752 4234 881 4300 rentum,
904 4247 981 4308 quae
1003 4237 1101 4296 utatur
1120 4231 1265 4305 hebenina

383 4331 522 4412 ttajeetas
545 4333 715 4414 quaerenda
736 4336 825 4402 simul
847 4340 956 4406 summi
978 4339 1088 4404 arbitra
1110 4341 1198 4420 repis,

267 4533 437 4544 -unta—-u
457 4535 516 4542 -—-
534 4537 550 4542 -
569 4535 883 4546 -—-..-.—.-......——,
