3144 5164
576 401 708 452 PdllllllSl
728 402 803 456 xxvi.

189 618 316 680 Tardius
338 628 389 680 ant
410 618 499 685 eitius
520 619 619 682 ueniat
638 619 825 688 medicamen
846 619 883 682 ab
904 622 955 684 illa

188 729 258 791 lstis
280 727 454 801 luminibus,
475 745 530 808 per
551 747 627 808 quae
649 737 696 792 εει
716 729 784 792 data
805 742 891 810 porta
913 731 1020 794 ferenti

188 839 366 912 Flammam,
384 856 460 916 quae
481 845 574 900 totam
595 837 715 917 penitus
736 857 785 900 me
805 839 941 903 incendit
961 853 990 904 el
1011 844 1078 905 urit.

142 956 173 1010 lh
191 949 275 1022 Quae
296 958 427 1012 vestrum
447 947 529 1010 bunc
550 947 649 1026 explet
671 966 855 1024 consessum,
878 969 992 1014 summa
1014 952 1148 1034 voluptas

189 1057 375 1138 Principium
397 1077 433 1120 ac
453 1057 523 1118 linis
546 1057 650 1136 scripti
673 1066 720 1120 est
741 1059 885 1138 cujusque
905 1059 1016 1137 legenti

112 1187 116 1200 ·
188 1169 247 1230 hut
267 1168 376 1240 minus,
399 1176 450 1230 aut
470 1167 565 1244 magis
587 1166 738 1230 intensum
759 1168 899 1232 dictantis
920 1188 1062 1234 amorem.

233 1277 317 1350 Quae
338 1295 386 1338 me
408 1296 463 1338 vox
485 1276 589 1338 eadem
610 1276 720 1340 arrexit
739 1278 899 1342 formidine
921 1288 1045 1342 stratum

190 1385 330 1449 Defectus
353 1385 453 1460 subiti,
474 1387 516 1448 mi
538 1385 619 1448 acuit
638 1386 694 1450 sub
715 1395 836 1467 pectore
859 1405 959 1450 curam
997 1370 1006 1383 ’

141 1499 174 1552 2⁰
193 1495 318 1558 Ulterius
342 1496 433 1559 sandi.
474 1495 528 1558 Et:
552 1495 620 1558 Tibi
640 1505 721 1560 certe
742 1498 906 1576 angustius,
929 1497 1034 1578 iuquit,

193 1606 413 1668 Tranctaudum
435 1613 482 1667 εει
503 1605 642 1678 cribrum,
665 1614 698 1668 ut
718 1615 798 1669 recta
820 1625 870 1670 res
892 1625 1015 1670 cernere
1035 1612 1146 1689 possis,

190 1714 402 1794 Dicendnsque
425 1715 478 1778 tibi
500 1723 554 1788 εει,
578 1714 629 1794 qui
651 1714 769 1795 signum
789 1717 877 1779 vertit
899 1717 936 1780 ad
958 1717 1035 1780 istud

190 1827 285 1888 brcns
307 1825 365 1886 tela
389 1825 440 1886 tui.
485 1823 539 1888 Cui
561 1833 645 1886 tnnc:
669 1825 733 1904 Ope
755 1825 976 1905 philosophiae,

189 1935 251 1997 Per
272 1933 469 2014 syllogismos,
491 1950 555 2014 per,
578 1951 652 2013 quae
674 1936 828 2014 Scriptura
850 1936 999 2015 propinat

143 2053 175 2108 ιι
192 2043 249 2105 llic
268 2044 349 2106 venit
370 2043 537 2120 infigendus
559 2062 643 2108 emor
662 2043 737 2108 mihi
758 2043 849 2107 corde
870 2045 927 2106 sub
948 2045 1026 2120 imo;

191 2154 326 2232 Namque
346 2152 468 2227 bonum,
491 2162 524 2216 ut
544 2162 648 2216 natura
668 2153 742 2216 boni
763 2163 819 2228 est,
842 2155 1019 2235 simtdatque
1040 2159 1166 2237 patescit

192 2263 258 2324 lloc
279 2262 450 2342 inquirenti,
474 2263 630 2326 succendit
649 2271 755 2343 pectus
777 2282 889 2337 amore,

194 2372 252 2446 Qui
276 2380 356 2436 tanto
378 2381 426 2434 est
445 2373 551 2454 maior,
573 2372 653 2436 bona
675 2382 785 2452 quanto
807 2373 867 2434 hoc
887 2373 973 2452 plura
993 2385 1136 2456 receptat.

193 2483 276 2546 lllius
298 2501 366 2544 esse
388 2483 478 2560 igitur
498 2501 645 2562 superans
666 2499 759 2560 genus
781 2501 869 2546 omne
890 2483 1037 2546 bonorum

144 2603 177 2656 ιιι
194 2591 254 2666 Sic,
276 2603 310 2653 ut
329 2603 491 2672 praeterea,
514 2590 659 2672 quidquid
681 2592 721 2654 sit
742 2591 868 2656 amabile
889 2592 1003 2672 ubique

193 2702 319 2776 Mortali,
341 2702 384 2764 nil
407 2701 448 2764 sit
469 2719 557 2782 quam
579 2702 699 2764 ductum
720 2701 832 2764 lumine
854 2702 893 2766 ab
913 2703 973 2764 isto

194 2811 296 2874 Tenue
314 2811 412 2892 jubar,
435 2822 572 2890 spectare
593 2811 689 2876 oculis
711 2821 741 2874 et
761 2821 860 2876 mente
881 2831 1006 2876 necesse
1029 2823 1083 2887 est,

195 2922 315 2984 Cunctis
336 2920 530 3002 posthabitis,
552 2929 636 2984 etro
658 2921 689 2982 in
711 2939 887 3003 quacunque
910 2922 1065 3002 probanda

193 3031 323 3110 lliligere
343 3031 374 3093 id
395 3049 506 3105 aarum,
531 3031 611 3112 quod
633 3031 712 3094 clare
734 3032 832 3096 elucet
853 3031 890 3095 ab
911 3032 990 3112 ipso.

145 3147 178 3202 ιι
195 3141 267 3202 Tale
289 3160 374 3204 meae
395 3141 488 3204 menti
509 3141 567 3204 luit
587 3149 674 3220 aptus
696 3152 829 3202 sternere
853 3159 953 3204 verum

78 3226 81 3237 ¹
193 3249 247 3312 llle
269 3250 359 3324 idem,
380 3250 509 3330 primum
531 3250 583 3330 qui
604 3249 819 3312 demonstrarit
839 3269 970 3317 amorem

194 3360 279 3422 Vitae
300 3360 442 3441 cujusvis,
463 3367 615 3422 aeternum
636 3378 724 3438 quam
745 3368 847 3424 manet
866 3379 979 3424 aerum.

193 3469 259 3531 lloc
280 3481 384 3532 auctor
405 3470 513 3532 sternit
531 3489 617 3534 verax
639 3470 715 3532 hlosi
736 3469 793 3532 ista
820 3471 955 3550 prolatus

194 3580 239 3643 lle
261 3599 310 3642 se:
335 3579 448 3642 Cuncta
470 3579 525 3643 rili
545 3580 698 3644 ostendum
719 3579 807 3642 donc.
851 3579 969 3642 Sternis
991 3583 1107 3662 etipse

143 3693 178 3749 ιι
194 3689 293 3752 titum
316 3689 467 3761 exorditus
489 3707 609 3752 carmen
630 3687 772 3754 coelestia
793 3689 914 3768 vulgans

194 3799 310 3860 Arcana
332 3797 364 3860 in
386 3798 483 3872 terris,
505 3797 589 3860 nullo
608 3817 756 3877 praecone
778 3807 905 3862 sonante

195 3907 353 3970 Grandius.
377 3940 418 3952 -
439 3907 619 3987 Audiviqne:
641 3909 734 3986 Igitur
754 3927 831 3988 quae
852 3909 970 3976 discere
990 3921 1090 3975 mente

195 4018 330 4080 Humana
351 4017 446 4091 licuit,
469 4036 546 4098 quae
567 4027 597 4082 te
618 4019 747 4086 docuere
769 4020 904 4096 magistri

196 4128 280 4190 Sacri
303 4128 373 4190 huic
394 4127 570 4204 concordes,
593 4129 700 4192 iterum
721 4137 751 4194 ιε
772 4129 940 4210 iterumque
960 4131 1123 4194 monebunt

145 4249 177 4302 dd
196 4236 362 4298 Observare
383 4236 477 4300 Deum
499 4238 649 4317 finemque
670 4247 817 4320 caputque
840 4251 958 4302 tuorum

81 4386 83 4461 p
194 4347 351 4410 Ardorum.
395 4346 434 4413 tt
455 4365 575 4428 quoque
596 4347 656 4420 dic,
677 4367 714 4412 an
736 4349 774 4412 ad
795 4349 876 4410 bunc
896 4358 925 4412 ιε
947 4351 1023 4414 forte
1044 4351 1195 4416 trahentes

81 4468 689 4560 Lw-m-„—
1103 4454 1137 4504 nt
