3124 5170
515 423 1086 436 -n-—ffl-

551 479 748 529 tureenutttttt
762 481 836 531 xttt

149 717 180 771 65
196 697 251 759 Hic
272 717 321 760 me
343 706 543 777 spectantem,
566 697 723 760 adveniant
744 699 814 760 dum
835 717 945 761 cornua
967 679 1132 775 flammae,⁸

196 807 241 869 Me
263 806 425 886 prohibero
447 825 540 868 mora.
583 808 652 886 lpse
674 808 775 881 rides,
799 819 832 869 ut
852 827 978 887 corpore
1000 829 1095 888 prono

87 926 90 1073 q
197 916 291 977 Totus
314 917 350 978 ad
373 916 423 978 illa
446 919 535 978 seror.
557 949 598 962 --
620 917 704 978 Tunc
727 926 828 978 contra
851 918 959 979 talibus
982 919 1046 980 ille:

196 1026 373 1088 Laudandus
396 1044 452 1104 ego
475 1026 563 1088 laudo
585 1045 691 1106 preces
714 1035 742 1086 et
763 1026 885 1105 di'gnor3
907 1034 938 1088 at
958 1047 1010 1088 ore

87 1076 91 1279 Ι
196 1136 293 1197 Edere
313 1135 402 1196 verba
424 1145 475 1196 tuo
498 1136 545 1196 sac
567 1155 690 1214 parcas,
712 1155 760 1196 me
782 1136 847 1197 sine
868 1135 997 1213 linguam

152 1244 340 1320 resolvam
360 1245 422 1325 jam
445 1245 531 1316 nori,
555 1246 664 1323 cupido
687 1245 756 1325 quid
780 1253 901 1324 pectore
922 1265 1040 1308 verses:

89 1413 92 1439 ἲ
197 1355 271 1417 Nam
294 1354 463 1416 fastidirent
484 1356 571 1416 Genu
593 1365 622 1414 tc
645 1355 721 1416 torte
743 1353 923 1434 loquentem.

240 1463 321 1542 Ignis
343 1473 376 1524 ut
395 1464 529 1536 advenit,
553 1465 659 1525 doctor
680 1475 855 1544 tempusque
878 1463 1035 1544 locumque

198 1572 325 1653 Arripit,
349 1572 519 1652 audivitque
542 1573 610 1635 istis
631 1574 711 1634 hrrnc
731 1574 854 1635 vocibus
876 1593 994 1636 orsum:

90 1669 92 1680 ¹
200 1684 223 1744 0
247 1701 314 1754 vos,
339 1682 388 1762 qui
411 1682 520 1760 gemini
544 1683 599 1744 suh
620 1683 736 1743 flamma
761 1683 898 1744 inceditis
920 1703 988 1756 una,

90 1776 93 1824 ²
151 1796 181 1850 75
198 1793 230 1855 Si
253 1792 325 1872 qnid
347 1791 490 1853 devehis
512 1791 622 1864 merui,
646 1792 715 1853 dum
738 1792 795 1852 vita
816 1793 963 1865 manebat,

198 1901 336 1964 Carmina
358 1919 426 1962 cum
447 1901 556 1980 scripsi
579 1900 731 1974 sublimia,
755 1902 852 1964 sistite
875 1921 1018 1980 gressum,

197 2011 235 2074 Et
255 2011 359 2084 nohis,
382 2009 413 2071 in
435 2027 491 2090 qna
514 2009 659 2072 occiderit
680 2009 852 2090 deperditus
874 2031 935 2083 ora,

91 2184 94 2211 ἱ
197 2122 347 2184 alteruter
368 2129 522 2182 memoret.
545 2153 584 2164 -
609 2121 762 2182 Concusso
784 2122 894 2182 vertice
915 2121 1010 2201 majus

92 2280 94 2311 ᾗ
198 2231 346 2310 Antiquae
368 2247 461 2291 como
483 2231 618 2290 flammae
641 2239 766 2302 nutare,¹
782 2248 957 2310 sonumque,

92 2318 94 2377 ἶ
150 2351 183 2406 8⁰
200 2341 282 2402 More
304 2339 467 2400 laborantis
489 2339 585 2402 rantis
607 2338 778 2400 afflantibus
800 2338 887 2416 ignis

92 2408 95 2527 i
198 2451 331 2523 Mittere,
354 2449 462 2510 deinde
484 2448 599 2528 apicem
621 2449 691 2510 hinc
713 2457 801 2528 atque
825 2449 894 2509 inde
916 2447 1064 2521 evolvere,
1088 2456 1226 2528 tanquam

93 2537 96 2629 i
198 2561 313 2640 Lingua
335 2567 417 2620 esset
437 2558 493 2619 sari
515 2559 628 2630 nitens,
651 2577 685 2620 ac
706 2557 834 2638 denique
854 2577 958 2619 vocem
1129 2557 1130 2560 ’

93 2632 96 2723 i
199 2670 317 2751 Ejicere
339 2669 387 2730 his
409 2668 507 2729 verbis
530 2687 630 2729 usam:
655 2668 720 2741 Quo
743 2676 877 2747 tempore
900 2667 976 2728 abivi

93 2746 96 2899 ι
200 2779 224 2841 Α
247 2780 360 2852 Creon,
382 2778 492 2840 multos
514 2797 590 2857 quae
611 2795 659 2837 mc
680 2785 826 2838 remorata
849 2797 903 2857 per
924 2796 1017 2838 annos

94 2954 95 2977 p
153 2895 185 2949 85
202 2890 333 2950 Cereres
355 2887 466 2960 tenuit,
489 2887 537 2947 oui
560 2886 689 2948 nondum
712 2887 832 2948 nomina
855 2895 951 2949 terrae

94 2984 96 3037 Ῑ
202 2998 318 3059 Asums
342 2997 478 3070 dederam
493 3015 557 3076 nec
579 2995 674 3057 dulcis
698 2995 822 3077 pignora
845 2997 916 3067 nati,

94 3056 97 3203 ἐ
201 3108 263 3169 Nec
283 3106 378 3187 patris
401 3105 516 3186 antiqui
538 3105 648 3185 pietas,
671 3125 727 3167 nec
749 3106 847 3167 debite
870 3125 948 3179 cura,

94 3209 98 3289 i
201 3217 263 3278 Nec
285 3216 335 3296 qui
354 3216 455 3296 justus
476 3233 562 3276 amor
581 3233 629 3276 mc
650 3215 810 3277 laetificare
828 3214 953 3296 iubebat

94 3302 97 3418 J
202 3327 395 3396 Fossiones,
419 3331 534 3386 aestum
556 3334 716 3405 potuerunt
735 3326 854 3387 vincere
877 3323 976 3386 cordis

95 3427 98 3487 i
155 3443 187 3496 tt
201 3433 341 3497 Ardentis
363 3435 472 3496 multos
494 3453 549 3513 per
569 3443 663 3496 terras
686 3453 807 3496 cernere
828 3453 938 3506 mores,

201 3545 421 3624 Multoromque
442 3545 596 3608 hominum
617 3545 740 3606 virtutes
761 3562 910 3623 pravaque
931 3544 1023 3604 iacta:

95 3628 98 3713 i
202 3655 320 3735 Perque
342 3663 446 3733 patens
468 3655 558 3716 altum
581 3654 663 3716 solus
685 3673 732 3715 me
755 3653 876 3716 credere
899 3653 1019 3734 cymbae

96 3744 98 3801 3
203 3765 288 3826 Haud
311 3762 410 3837 timui,
434 3783 521 3844 parra
544 3765 684 3826 comitum
707 3763 835 3843 stipante
858 3771 983 3835 caterva,

96 3864 98 3881 '
204 3873 288 3947 Quae
310 3891 359 3934 me
381 3873 529 3934 desertum
552 3893 702 3954 nunquam
723 3874 858 3936 malefida
880 3873 1009 3953 reliquit.

97 3994 99 4021 ⁸
156 3991 187 4045 tc
202 3983 356 4062 Hispanos
378 4001 471 4062 usque
494 3983 530 4044 ad
552 3983 680 4063 populos
702 4001 756 4062 ego
778 3983 861 4045 littus
882 3992 1039 4063 utrumque

97 4092 99 4159 i
204 4093 282 4155 Vidi.
326 4092 491 4166 Nonnisi,
515 4093 627 4156 Sardoa
649 4111 706 4154 nec
728 4092 824 4154 insula
846 4103 967 4156 nostros

96 4198 99 4296 J
206 4201 345 4282 Effugere
366 4203 485 4276 oculos,
510 4221 565 4265 nec
587 4221 662 4282 quos
684 4202 882 4264 circumalluit
902 4202 989 4264 undis

97 4315 99 4329 '
207 4313 290 4376 lilius
314 4331 366 4374 ora
388 4313 488 4375 maris.
533 4313 662 4374 'sardum
684 4331 732 4374 mc
754 4311 861 4373 debilis
884 4323 965 4373 actas

207 4423 346 4496 Fecerat,
369 4435 399 4484 ct
419 4423 545 4486 comites
566 4431 650 4495 tunc,
675 4441 741 4484 cum
764 4421 838 4484 treta
860 4420 1006 4500 tangimus
1030 4419 1087 4480 iiia.
