3136 5164
76 393 81 668 ι
546 441 821 493 mmmm.
1187 443 1249 508 m

134 672 166 726 8⁰
183 661 315 724 Conscia
335 669 396 722 tem
418 659 503 721 dinus
523 659 598 722 mihi
618 662 729 739 pressit
749 667 871 740 pectora
893 679 1021 734 morsus,

182 771 220 834 Ut
241 770 338 832 victus
360 767 514 842 oederem3
536 777 575 839 et,
598 769 716 848 queiem
736 788 784 832 me
806 769 920 842 iecerit,
943 771 1018 850 ipse,

183 881 268 954 Quae
291 880 416 942 dederat
436 895 583 951 caussam,
605 878 696 940 novit.
719 909 762 924 -
783 879 857 940 Cum
878 879 911 940 in
931 865 1054 958 peot‘ore
1073 880 1167 944 virtue

182 989 222 1052 nti
245 989 342 1062 rediit,
365 1005 458 1067 super
478 987 654 1059 adstantem,
677 1005 754 1067 quoe
775 987 870 1068 prime
892 999 1012 1068 reperta
1033 998 1079 1051 est
1171 1051 1175 1072 ,

184 1099 256 1162 Solu
278 1097 350 1160 mihi
371 1095 488 1170 mulier,
511 1095 579 1168 vidi,
603 1115 681 1176 quse
702 1096 815 1178 ejebet:
838 1097 972 1170 lmese,

136 1220 169 1276 85
184 1209 290 1288 Meque
312 1215 399 1282 tene3
422 1215 509 1268 tenue
531 1215 619 1286 etque
640 1205 726 1283 gulae
747 1225 795 1268 me
817 1207 847 1268 in
869 1207 1002 1270 fluminis
1022 1209 1131 1271 undem

75 1237 79 1383 i
185 1319 336 1390 Traxerunt,
359 1324 389 1378 et
409 1323 530 1395 mptens
552 1324 622 1396 post
643 1334 685 1388 ee,
708 1314 782 1376 lovis
805 1322 835 1377 et
856 1315 930 1377 levis
953 1315 1014 1380 ibet

184 1429 296 1490 lunens
319 1437 352 1489 ut
372 1426 485 1488 rediue.
529 1424 590 1488 Sed
612 1424 664 1486 uhi
685 1443 781 1505 prope
802 1425 868 1506 ripn
890 1424 975 1488 bento

184 1535 301 1599 Adfuit:
324 1536 492 1614 Adrperqee
512 1527 576 1596 mei
597 1534 637 1595 ito
659 1533 746 1596 dolos
768 1533 867 1598 audita
889 1553 998 1598 sonere
1236 1547 1240 1558 ·

185 1645 239 1707 Est
259 1663 324 1718 vox,
345 1652 379 1706 ut
399 1660 565 1706 memorare
587 1643 659 1704 mihi
680 1642 727 1706 vel
749 1641 881 1707 snubere
904 1663 965 1707 non
987 1646 1037 1708 sit.
1303 1577 1307 1704 i

136 1759 170 1814 td
226 1753 377 1835 Expendit
399 1753 533 1831 geminos
554 1751 663 1814 mulier
684 1753 815 1815 formose
836 1751 963 1816 ieoertos

185 1865 281 1944 Atque
303 1879 403 1925 meum
424 1869 470 1924 est
490 1861 645 1942 complexe
667 1870 764 1942 eaput
787 1864 949 1944 mersitque
971 1865 1052 1945 quod
1073 1865 1183 1928 undem

75 1886 78 2039 i
187 1973 373 2036 Sorbendam
395 1973 492 2033 fueret
508 1969 628 2052 jussum
648 1971 803 2034 demittere
825 1971 923 2052 plenis

75 2094 78 2237 Ι
187 2081 352 2146 Feuoihue:
375 2090 463 2162 etque
484 2081 555 2144 inde
577 2091 712 2160 ereptum
734 2089 888 2160 totumque
908 2082 1075 2145 medentem

187 2192 285 2264 linxit,
307 2191 360 2252 ubi
383 2190 510 2252 choreus
530 2189 679 2269 egimhent
701 2198 841 2270 quattuor
862 2209 915 2252 ore

138 2313 171 2368 tt
187 2301 317 2366 Prdchro
338 2309 501 2371 matronae,
525 2319 600 2380 qnae
622 2319 671 2362 me
692 2308 792 2362 tenere
814 2300 942 2362 leoertis.
1304 2215 1310 2492 l

230 2412 293 2475 Nos
314 2428 418 2473 sumus
438 2409 496 2471 hio·
509 2410 665 2490 nymphae,
688 2409 834 2484 dioebent,
856 2411 954 2472 sidere
977 2411 1007 2472 in
1032 2411 1101 2474 nito.

187 2522 253 2585 Jem
274 2521 359 2601 prins
382 2519 531 2580 interrae
554 2537 640 2599 quem
663 2529 745 2580 osset
769 2517 890 2600 deiepse
910 2520 1049 2595 Burrum,

187 2631 250 2694 Nos
271 2628 315 2690 iili
337 2627 462 2692 iemnlee
483 2627 766 2706 dederetregnetor
787 2627 914 2709 Olympi.

188 2737 273 2801 iliius
295 2749 365 2801 ente
386 2737 490 2800 oeulos
513 2755 570 2799 nos
592 2744 621 2798 te
643 2736 786 2800 ducemus
807 2745 929 2813 erutos3

73 2792 76 2851 ι
126 2854 173 2906 lttt
189 2849 250 2912 Sed
272 2849 326 2910 tibi
345 2849 407 2928 jem
427 2846 555 2912 reddent
574 2846 665 2918 risus,
690 2855 731 2920 nt,
755 2849 835 2928 quod
857 2848 928 2911 leret
949 2850 1039 2921 intus,

73 3014 76 3029 .
188 2959 357 3023 Jueundum
377 2955 528 3038 ndspioies
550 2956 660 3028 iumen,
682 2966 756 3031 nes,
777 2975 853 3037 quoe
874 2958 943 3020 inde
964 2961 1151 3041 propinquae

188 3069 285 3131 Altius
309 3067 448 3130 interiore
470 3067 582 3129 vident.
625 3065 676 3128 ste
696 3085 772 3128 voce
791 3075 933 3131 canentes

191 3180 370 3259 Coeperunt
414 3175 488 3238 Exin
509 3195 557 3238 me
579 3194 683 3238 senum
703 3175 740 3238 ad
762 3184 885 3256 pentorn
905 3178 1009 3257 gryphi

74 3332 75 3355 r
190 3289 349 3362 duxerunt,
371 3285 423 3348 ubi
445 3287 620 3348 eonstiteret
641 3303 783 3348 converso
804 3286 934 3348 Berrmx

72 3374 76 3445 i
127 3414 173 3470 1⁰5
189 3397 234 3460 Ad
254 3415 313 3470 me,
335 3397 381 3458 eie
403 3396 494 3458 tetre:
516 3395 560 3457 Ne
582 3394 687 3458 oeulos
708 3395 864 3458 intendere
885 3413 992 3476 puroe3

73 3481 76 3529 ἶ
189 3507 253 3570 Noe
274 3516 305 3570 te
325 3505 460 3568 lucentes
478 3504 563 3585 juvet
582 3512 649 3567 ente
670 3505 787 3568 locasse
809 3507 993 3585 smaragdos,

72 3578 75 3687 i
190 3615 275 3680 Unde
297 3613 349 3678 tihi
371 3621 419 3678 est
434 3613 581 3694 jaculatos
603 3631 687 3676 emor
707 3633 760 3676 sue
783 3617 901 3692 coquite
924 3615 992 3677 tole.

72 3729 74 3737 '
232 3723 322 3786 Miltia
343 3741 390 3784 me
412 3725 553 3786 ordonum
574 3724 676 3805 quovis
697 3725 792 3804 magis
815 3725 904 3788 innita
924 3726 1041 3792 domme

72 3906 74 3931 ᾗ
190 3834 403 3914 Compuierent
424 3833 519 3896 oeulis
541 3833 645 3896 ooulos
667 3843 802 3914 spectus
825 3836 976 3918 micantes,

71 3936 74 4031 ᾗ
125 3967 173 4019 11⁰
190 3945 250 4018 Qui
271 3951 369 4007 umen
392 3943 423 4005 in
444 3943 588 4024 gryphum
611 3941 706 4008 defleo
728 3944 841 4007 lumine
862 3945 988 4007 stabunt

70 4062 74 4204 ὁ
190 4054 229 4116 Ut
250 4054 296 4115 sol
318 4052 350 4114 in
372 4053 536 4134 speculmn,
559 4055 672 4133 puriter
691 4054 826 4117 ndiebet
847 4055 876 4116 in
899 4055 980 4116 illem

72 4209 74 4233 r
190 4163 301 4226 Netum
322 4161 431 4242 duplex
449 4163 594 4237 animone,
615 4166 730 4230 ratione
751 4163 902 4244 modoque

70 4300 74 4397 ζ
189 4271 357 4353 diuitipiioi.
382 4305 420 4318 -·
441 4273 479 4334 Ut
498 4291 548 4336 me
569 4292 619 4336 res
641 4275 716 4336 hneo
736 4273 906 4336 admirande
928 4281 1097 4352 stupentem

1306 3842 1309 3921 Ι

1306 3924 1309 4023 i

190 4383 316 4457 Froerit,
340 4401 358 4444 o
380 4382 482 4459 lenter,
504 4390 620 4464 repnte,
642 4391 713 4445 tuno
734 4399 801 4444 oum
821 4383 887 4462 ipse
908 4382 1042 4445 videbam
1295 4378 1308 4592 j

1086 4485 1115 4535 17
1124 4484 1138 4516 *

74 4585 528 4596 *anm-.—
544 4587 679 4597 ...μ-..ι
688 4581 1290 4592 -υ--ω--ι--σ--υ-ιμ-ι--Ἢ
