3144 5164
862 346 1234 356 ——---——-——

294 396 356 460 328
427 379 435 388 “
757 401 891 450 rrurmsr
910 401 954 451 xv.

253 491 764 522 ,μὰ-Ὗ*-

310 627 344 682 75
363 621 459 692 Quam
482 619 588 694 nostis,
612 638 750 682 caussam
772 618 910 682 mortalia
931 619 1064 682 membra
1088 621 1235 684 terentum

311 722 314 730 ’
361 730 424 792 ntis
448 729 580 792 diversas
604 737 729 792 suerunt
750 729 906 808 imponere
927 746 1053 808 pennas.

363 840 462 914 Quare
485 857 550 918 ego,
573 839 625 919 qui
646 839 712 899 viro
734 837 824 899 morti
847 839 981 910 devotus,
1004 839 1035 899 in
1059 839 1116 901 ista

362 949 459 1011 Scitis
482 948 650 1029 inaequalis
672 947 758 1010 video
780 965 828 1008 me
850 945 916 1026 lege
938 955 1103 1022 retentum3

360 1061 457 1138 Atque
479 1059 554 1121 hacc
577 1077 683 1121 caussa
705 1057 770 1122 init.
793 1075 848 1120 eur
868 1074 990 1136 parcam
1012 1057 1128 1120 solvere
1151 1069 1251 1138 grates

310 1178 345 1232 8⁰
361 1168 450 1244 Voce,
473 1188 507 1230 ac
528 1167 659 1231 laetitiae
679 1166 819 1248 plaudam
841 1168 931 1228 modo
953 1167 1044 1230 corde
1067 1177 1219 1248 paternae.

361 1279 405 1341 Te
427 1297 535 1359 precor
556 1279 622 1359 ipse
644 1277 774 1357 quidem,
798 1295 816 1337 o
838 1277 922 1338 vivax
942 1275 1015 1338 mihi
1038 1277 1156 1340 flamma
1180 1281 1285 1361 topati,

360 1389 448 1452 Hunc
471 1406 547 1468 quae
569 1387 743 1448 thesaurum
765 1385 931 1466 pretiosum
954 1405 1070 1465 gemma
1093 1389 1228 1464 decoras,

359 1498 418 1560 Per
439 1507 469 1560 te
491 1498 609 1578 explere
632 1505 682 1558 tuo
705 1507 738 1557 ut
758 1496 848 1558 liceat
867 1495 940 1558 mihi
963 1496 1084 1559 nomine
1106 1505 1246 1561 mentem.

403 1608 428 1669 0
451 1625 516 1669 mea
539 1607 633 1680 frons,
656 1624 712 1686 per
734 1623 821 1684 mam
843 1605 926 1666 venit
947 1605 1020 1668 mihi
1043 1615 1123 1669 taem
1139 1609 1279 1689 voluptas

309 1723 343 1777 85
361 1715 465 1780 Solum
486 1714 662 1796 expectanti,
686 1734 723 1776 en
745 1715 830 1776 radix
851 1726 910 1790 tua,
933 1716 1003 1778 talia
1026 1726 1130 1778 conua

359 1827 432 1902 11103
454 1844 489 1888 ac
511 1825 618 1888 deinde
641 1825 753 1905 inquit:
778 1824 835 1899 Qui
858 1827 973 1905 primus
995 1824 1117 1888 nomina
1138 1833 1239 1888 restro

360 1936 507 2017 Imposuit
529 1936 640 2015 generi,
665 1917 786 2015 etpost
807 1944 926 1996 centum
949 1943 1039 2015 atque
1061 1935 1189 2016 amplius
1210 1955 1309 2000 annos

362 2047 464 2110 Certat
485 2047 582 2108 adhuc
603 2045 731 2126 primam
753 2043 863 2105 montis
887 2063 1030 2125 superare
1052 2063 1204 2121 coronam,

362 2155 392 2218 ls
414 2175 500 2218 meus
522 2164 687 2229 est-natus,
710 2154 830 2216 bisaeus
853 2153 918 2227 tihi,
941 2155 989 2216 eui
1012 2155 1099 2217 decet
1120 2173 1173 2216 ore

310 2277 345 2329 tto
361 2267 399 2329 Et
419 2266 507 2328 sactis
529 2265 639 2346 tejam
662 2265 783 2343 longum
806 2283 944 2326 resecare
966 2264 1109 2328 laborem.

360 2377 507 2457 Antiquos
529 2375 606 2437 intra
628 2373 703 2436 iines
725 2373 877 2436 Florentia
899 2373 998 2436 stabat

361 2487 439 2548 Pane
462 2486 565 2548 truens
586 2484 685 2566 plena,
708 2502 799 2565 parvo
822 2491 962 2548 contenta
984 2484 1169 2565 pudensque.

361 2597 428 2658 Non
450 2596 546 2676 pictas
569 2595 682 2657 acubus
703 2603 811 2668 vestes,
834 2613 895 2655 non
917 2593 967 2656 illa
990 2594 1118 2656 corollas

363 2705 522 2784 cognorat,
544 2723 615 2779 noo,
637 2703 764 2766 femellis
787 2723 863 2783 quae
885 2703 1045 2783 stringeret
1066 2713 1134 2784 apte

311 2829 346 2884 se
363 2815 465 2887 Crura,
488 2812 716 2894 periscelidem
738 2831 795 2875 nco
817 2812 988 2894 quidquam,
1012 2813 1130 2892 cingula
1152 2823 1281 2895 praeter,

361 2923 501 2986 Formam
522 2922 662 3001 fingebat
704 2923 844 2984 Nondum
865 2924 955 2986 modo
977 2931 1047 2986 nata
1069 2943 1179 3004 pavore

363 3033 438 3096 Filia
460 3032 619 3113 torquebat
640 3040 772 3113 patrem3
794 3051 864 3094 nam
886 3041 1030 3113 tempora,
1054 3033 1169 3114 dosqne

363 3143 441 3206 Hinc
463 3153 551 3224 atque
574 3142 644 3204 inde
666 3143 786 3204 modum
808 3161 959 3223 nunquam
980 3143 1109 3206 transire
1132 3143 1279 3206 sinebant.

361 3254 449 3316 Nulla
471 3253 587 3328 domus,
609 3271 730 3315 vacuam
754 3271 842 3334 qnam
865 3252 951 3315 turba
961 3253 1136 3315 domestica
1159 3263 1256 3316 morte

297 3375 347 3430 lod
363 3363 561 3426 Deseruisset,
585 3371 658 3426 erat.
701 3361 849 3435 Nonduni,
873 3362 923 3442 qui
946 3362 976 3424 in
998 3361 1120 3424 luminis
1143 3381 1221 3437 oras,

364 3473 517 3554 Quidquid
539 3480 645 3552 posset
664 3472 712 3551 aqi
735 3483 849 3534 secreta
872 3472 903 3534 in
924 3483 1010 3553 parte
1032 3473 1197 3548 domorum,

364 3582 483 3655 Ederet,
506 3590 589 3643 ortus
611 3590 676 3643 erat
698 3581 777 3643 tristi
799 3581 869 3644 alite
891 3582 1123 3662 Sardanapatus.

284 3757 288 3776 ¹
364 3691 502 3753 Nondum
524 3689 722 3754 Monsmarius
745 3693 848 3762 monti.
871 3691 922 3771 qui
945 3691 1065 3754 nomina
1087 3691 1217 3772 primunr

364 3799 453 3863 Duxit
473 3800 510 3863 ab
533 3801 670 3881 oncupio,
692 3800 821 3880 palmam
843 3800 974 3864 cessisse
995 3801 1128 3882 priorem

299 3921 348 3978 lto
364 3910 453 3972 Visus
475 3919 548 3985 erat,
571 3910 632 3990 qui,
654 3918 687 3973 ut
709 3929 787 3972 nnnc
809 3921 967 3992 superatur
988 3911 1118 3974 culmine
1139 3909 1170 3972 in
1193 3913 1252 3974 isto

364 4020 547 4094 adscensus,
570 4020 775 4096 invincem,
798 4021 887 4084 dente
909 4021 982 4084 urbe
999 4021 1126 4084 ruinam.

366 4130 421 4194 His
444 4147 499 4209 eqo
521 4129 581 4191 ridi
604 4129 700 4192 oculis
721 4130 1053 4194 Bertin-Belincionem
1076 4131 1156 4194 ossis

366 4240 405 4304 Et
426 4238 501 4301 corii
523 4249 630 4303 ornatu
653 4239 790 4304 vestitum
812 4241 964 4316 incedere,
986 4249 1018 4302 ct
1037 4259 1112 4304 ruer

366 4348 450 4412 iliius
472 4367 633 4431 numquam
654 4371 671 4414 a
694 4351 817 4433 speculo
840 4352 938 4414 fucata
958 4349 1086 4414 redibat.
