3136 5164
89 442 91 453 ,
557 381 737 433 roumronu
755 381 819 432 mv.
1196 383 1276 452 aas·

31 651 32 684 q
87 502 91 687 r
189 599 340 662 alterutri.
384 597 442 660 llic
462 617 591 679 primum
614 600 768 678 cognoscit
788 597 857 660 trita
879 617 1002 674 uarum,

30 717 33 782 ι
86 708 89 825 1
142 713 174 768 tto
191 709 273 782 Quas
296 709 392 771 tenuit
413 708 574 788 quondam,
595 707 773 790 simulatque
795 709 826 770 in
848 709 971 774 sedibus
993 711 1053 774 illis

191 817 426 898 Circumscripta
447 818 511 891 luit,
534 819 662 898 talisque
683 826 714 880 et
734 825 843 898 quanta
863 836 919 898 per
939 827 1022 884 artus

28 908 29 971 l
86 962 88 977 ι
191 927 341 1007 Serpebat
360 928 442 990 viros
463 928 556 992 virtus
578 928 708 990 lormare
728 935 841 1009 parata,

191 1037 366 1099 Praeradiat
387 1039 509 1100 circum.
552 1037 595 1100 Ac
616 1037 706 1100 veluti
728 1037 921 1118 praenubilus
942 1043 994 1100 aer

192 1145 322 1208 Alterius
344 1145 447 1219 radiis,
470 1165 546 1227 quos
568 1148 634 1227 ipse
654 1146 827 1228 repercutit,
850 1147 936 1220 ictus,

145 1257 178 1310 ⁹⁰
193 1255 335 1319 Ostendit
354 1255 453 1318 varios
474 1255 600 1319 adverso
622 1254 687 1320 sole
709 1255 843 1320 colores:

194 1366 246 1430 Sic
267 1383 363 1446 prope
386 1366 437 1445 qui
459 1371 511 1428 atr
530 1366 624 1440 adest.
648 1366 773 1440 formam
795 1365 854 1428 sibi
876 1366 967 1430 sumit
988 1367 1122 1442 eandem,

195 1475 292 1548 Quam
314 1475 403 1537 sedes
424 1475 528 1538 sortita
550 1495 621 1538 suas
643 1475 741 1538 anima
763 1473 905 1554 imprimit
925 1475 969 1538 illi

194 1585 228 1646 Vi
250 1584 382 1664 propria,
404 1591 438 1646 ut
457 1585 549 1648 stetit.
591 1586 635 1648 Ao
654 1584 746 1648 veluti
766 1584 846 1664 ignis
868 1603 1019 1666 consequa
1040 1586 1159 1648 llamma

195 1693 303 1756 Forma
326 1693 443 1756 novella
465 1695 595 1758 animum
618 1693 761 1774 sequitur,
785 1711 974 1774 quocumque
994 1704 1124 1774 vagatur.

146 1800 178 1856 ⁰⁶
194 1803 233 1866 Et
255 1803 396 1883 quoniam
418 1822 454 1866 ex
475 1803 525 1864 illa
548 1803 637 1865 trahit
658 1803 816 1866 informata
837 1805 970 1884 simeram,

194 1912 306 1976 Umbra
322 1913 405 1974 solet
426 1913 494 1974 diei.
537 1917 635 1992 Atque
655 1912 736 1984 hinc,
759 1913 844 1993 queis
866 1922 930 1975 erat
950 1923 1018 1976 ante
1040 1915 1141 1995 potita,

195 2023 334 2103 Disponit
353 2041 462 2086 sensus
484 2041 589 2084 omnes
610 2023 647 2084 ael
667 2021 780 2084 lumina
801 2021 894 2086 usus.

238 2133 317 2196 llinc
337 2151 392 2194 vox
415 2132 541 2206 elicitur,
563 2131 711 2206 lacrimae,
734 2131 873 2214 suspiria,
895 2132 985 2204 risus,

197 2243 341 2321 Quaeque
362 2241 466 2304 andire
485 2242 542 2304 luit
562 2243 672 2304 montis
693 2241 748 2304 tibi
770 2249 856 2323 septa
876 2241 999 2322 petenti.

134 2355 181 2408 tto
197 2353 235 2415 llt
256 2351 406 2414 desiderio
430 2350 713 2431 suessionisque,
737 2350 782 2414 vel
804 2350 855 2414 illa

196 2463 257 2525 Aut
277 2462 334 2524 alia
357 2477 436 2534 cura,
458 2461 570 2524 vultum
591 2461 637 2524 sie
658 2461 756 2524 induit
775 2460 897 2536 umbre;

196 2570 293 2651 Atque
314 2570 389 2635 haec
411 2579 466 2644 est,
488 2579 603 2633 tantum
624 2588 701 2650 quae
722 2571 809 2632 affert
828 2569 883 2634 tibi
905 2587 1011 2632 caussa
1032 2563 1176 2650 stuporis.

239 2682 364 2760 Jamque
386 2679 437 2743 ubi
458 2681 644 2761 torquendos
663 2687 836 2761 postremus
857 2679 980 2742 distinet
1001 2680 1092 2756 orbis,

197 2790 325 2854 Ventum
347 2797 420 2854 erat.
461 2789 507 2852 lu
528 2789 660 2854 desuem
682 2809 738 2854 nos
759 2790 839 2854 uersi
861 2790 1016 2854 intendere
1037 2798 1167 2854 mentem

136 2901 183 2958 llll
198 2902 232 2964 ln
255 2918 342 2964 curas
363 2898 448 2962 alias.
491 2899 548 2962 llic
570 2900 713 2980 ejacrrlata
736 2900 850 2964 lerissas

198 3011 226 3074 lt
247 3011 312 3092 ripa
334 3010 366 3072 in
387 3011 530 3083 flammas,
553 3011 716 3090 flatumque
738 3018 868 3074 eruenta
890 3027 1000 3072 corona

198 3120 297 3184 Altius
319 3119 483 3199 exspirans,
505 3119 611 3200 procul
632 3139 650 3183 a
671 3139 704 3182 se
726 3120 785 3182 tela
805 3119 923 3199 repellit

199 3230 281 3311 lgnis
303 3238 334 3293 et
353 3229 500 3294 ammiel.
545 3230 644 3303 Quare
665 3229 836 3308 singlariter
857 3229 908 3290 uni

200 3341 314 3422 Cuique
335 3339 460 3418 legenda
481 3339 537 3404 luit
557 3338 667 3402 reclusi
689 3338 831 3418 marginis
853 3357 914 3401 ora.

137 3461 185 3516 tto
199 3451 238 3512 tc
258 3449 332 3512 milri
352 3449 502 3529 utrimque
522 3459 637 3512 metus:
659 3450 685 3512 Α
705 3450 823 3512 llamma
844 3449 923 3522 lrinc,
946 3447 1016 3510 inde
1038 3448 1208 3529 propinquo

199 3559 343 3640 Alapsu.
363 3591 407 3606 --
428 3559 485 3622 llio
506 3577 583 3638 opus
605 3569 653 3622 est
672 3559 779 3622 oculos
802 3575 994 3638 compescere
1015 3557 1090 3622 duro

199 3671 308 3744 Prono,
331 3669 391 3732 dux
412 3667 527 3749 inquit3
548 3687 616 3734 nam
639 3676 669 3732 te
691 3687 741 3732 res
762 3669 873 3732 unaue
895 3675 999 3752 posset

201 3779 335 3841 'l'rudere
358 3779 390 3842 in
411 3797 556 3841 errorem.
599 3778 697 3842 Medio
718 3778 881 3843 vastissimi
903 3779 936 3842 in
957 3787 1041 3844 aestu

199 3889 324 3951 lucendi
347 3889 444 3952 audivi
468 3905 598 3963 carmen,
621 3908 681 3968 quo
703 3909 818 3954 summa
839 3889 971 3970 parentis

139 4010 184 4064 115
200 3997 340 4061 Poscitur
361 3998 475 4062 aeterni
497 3996 664 4072 clementia,
687 4007 720 4060 ut
742 4000 870 4080 impetus
891 4001 998 4077 ingens
1123 3993 1126 4004 '

200 4107 247 4170 lle
269 4107 369 4170 minus
390 4108 526 4172 efficeret
546 4115 726 4172 metuentem
747 4118 862 4174 sertore
884 4110 990 4174 usum.

200 4215 392 4297 rltlspeaique
414 4198 528 4280 animas
549 4217 611 4280 illic
632 4219 781 4284 llemmatn
804 4219 882 4284 inter
901 4227 1015 4290 euntes,

202 4327 302 4402 Quare
323 4325 392 4391 illas
411 4345 580 4410 passusque
601 4347 687 4392 meos
708 4329 890 4409 speculatus.
912 4337 1069 4408 utramque
