3124 5170
523 467 718 520 INFERNORUM
736 471 816 521 Xhiii.

63 634 66 705 i
166 688 300 750 Tandem
321 686 373 749 uhi
395 695 569 768 perventum
592 695 654 761 est,
676 688 761 749 ratde
783 705 830 750 me
852 687 964 751 iumine
985 697 1070 752 torvo
1184 760 1187 770 ,

62 756 65 825 i
120 807 152 862 8⁰
167 800 356 878 Conspexere
378 796 466 860 ambo
488 797 578 869 muti,
601 798 669 860 dein
691 806 807 861 vertere
828 799 925 860 vuitus

63 892 65 903 ¹
166 909 200 971 lo
222 925 271 980 se,
295 915 326 968 et
346 907 391 970 cic
413 907 469 968 tari
492 925 609 969 secum:
632 907 688 970 ilic
710 908 826 988 spirare
847 907 971 981 videtur,

64 1000 66 1089 i
169 1019 274 1080 Guttur
294 1016 347 1078 uhi
370 1016 494 1097 espicio.
538 1019 576 1079 ht
596 1018 623 1079 si
645 1035 726 1080 mors
750 1018 918 1099 absumpsit
938 1027 1106 1100 utrumque,

63 1132 66 1231 Ι
170 1127 251 1200 Quae
274 1126 322 1188 lex
344 1126 426 1206 prira
448 1127 537 1188 stolis
559 1127 697 1206 gravibus
719 1127 802 1190 dedit
822 1127 867 1191 ire
888 1126 1032 1190 solutos?

64 1266 66 1357 q
168 1236 281 1298 Deinde
303 1235 394 1298 mihi:
419 1235 460 1310 0,
483 1237 550 1318 qui,
574 1237 709 1312 Thusee,
731 1245 818 1318 potes
841 1239 966 1318 collegia
989 1237 1065 1300 inire

64 1360 66 1413 t
122 1357 152 1410 85
168 1345 366 1420 lntima,-uhi
389 1346 463 1408 tales
486 1348 537 1408 dat
557 1347 653 1409 tristis
674 1346 828 1427 hypocrita
849 1366 972 1428 poenus,

64 1436 67 1553 Ἰ
169 1456 227 1530 Qui
249 1456 309 1528 sis,
333 1455 418 1518 ederi
439 1475 478 1518 ne
500 1457 662 1535 dedignare
682 1465 814 1536 rogatus.

209 1566 263 1628 ilis
284 1583 357 1644 ego:
379 1565 508 1628 iucundi
530 1585 625 1648 prope
646 1565 742 1646 ripam
763 1559 896 1628 huminis
916 1567 988 1629 Arni

66 1654 67 1677 ¹
168 1675 270 1755 iisqne
293 1674 365 1737 urhs
386 1695 434 1738 me
456 1675 530 1739 vidit
549 1683 727 1756 prognatum
749 1695 887 1738 creseere
908 1675 939 1739 in
961 1696 1058 1740 annos

65 1778 69 1881 i
168 1785 288 1859 Plures,
311 1803 446 1865 quosque
468 1785 558 1849 habui
581 1805 714 1866 semper,
739 1803 809 1863 gero
832 1785 969 1866 corporis
991 1796 1083 1850 artus.

67 1902 70 1919 '
122 1900 153 1952 tu
169 1895 227 1957 Sed
248 1915 304 1957 ros
326 1894 378 1975 qui
401 1897 536 1968 tandem,
559 1895 645 1976 queis
667 1902 750 1956 tanto
770 1894 882 1957 lumina
905 1897 977 1958 fletu

67 1978 70 2023 ι
168 2005 340 2078 distillant,
362 2013 505 2084 quantum
529 2024 563 2066 ex
585 2013 684 2067 restro
706 2013 789 2085 patet
810 2024 863 2068 cre
885 2003 1021 2069 doloris?

69 2102 73 2179 ἶ
170 2115 328 2188 Quaeres
350 2133 447 2196 poena
470 2114 580 2196 premit
600 2115 646 2177 sic
667 2111 807 2194 fulgens?
829 2147 870 2162 —
893 2116 953 2177 Ora
973 2117 1128 2180 resolvens

167 2225 210 2287 m
232 2225 301 2287 istis
323 2243 415 2300 unus,
435 2225 607 2305 respondit:
630 2224 774 2303 Tegmina
795 2225 888 2288 flavae

169 2335 265 2398 Vestis
289 2335 329 2398 ite
351 2334 449 2398 solido
471 2343 552 2396 stant
572 2335 711 2414 plumho,
734 2343 766 2396 ut
787 2337 919 2415 pondera
940 2336 1042 2398 iancea

68 2524 70 2537 Ι
123 2457 153 2509 tt
169 2447 219 2508 Sic
241 2446 370 2508 stridere
392 2463 463 2506 suas
484 2453 602 2522 cogant.
644 2445 707 2507 Nos
728 2445 848 2507 Felsina
870 2444 902 2506 in
924 2461 1011 2508 auras

167 2556 284 2629 Edidit,
308 2574 344 2617 ac
366 2554 475 2617 inimus
497 2555 684 2618 Gaudentium
706 2555 744 2618 de
766 2571 854 2634 grege
875 2555 1005 2628 Fratres,

168 2668 227 2730 iste
249 2667 433 2740 Lunenmcr,
455 2665 603 2728 fflrnunru
626 2683 681 2744 ego
704 2665 826 2727 nomine
848 2676 946 2736 notus,

67 2794 68 2809 ¹
170 2777 251 2851 Quos
274 2785 324 2838 tua
347 2787 426 2840 terra
449 2776 525 2837 duos
547 2775 705 2855 praefecit,
728 2782 851 2837 utente
873 2775 991 2838 sciehat

67 2894 68 2919 ¹
168 2887 280 2961 Unum,
305 2886 350 2948 sic
371 2904 477 2965 pacem
499 2903 625 2965 sperans
647 2903 681 2947 se
702 2903 794 2965 posse
816 2884 902 2946 tueri.

112 3011 154 3062 lou
168 2999 204 3058 At
225 2997 337 3059 suimus
359 2995 450 3070 tales,
472 3005 506 3057 nt
527 2994 625 3057 adhuc
647 2994 771 3072 vestigia
793 2994 888 3057 nostri

96 3083 99 3094 ¹
168 3106 321 3170 Praeferat
342 3105 461 3186 imperii
483 3105 661 3184 Gordingus.
704 3105 766 3184 Ego
790 3105 880 3167 edere
901 3123 1005 3166 rocem
1082 3159 1085 3168 .

169 3216 249 3280 Hanc
272 3215 376 3296 coepi:
398 3215 424 3277 0
446 3217 582 3290 Fratres,
604 3215 681 3276 maia
703 3221 801 3276 vestm
874 3214 959 3276 Hand
981 3213 1066 3294 plura
1088 3213 1223 3288 locutus3

65 3330 68 3385 “.
167 3325 300 3408 Namque
322 3325 396 3386 mihi
419 3334 487 3388 ante
508 3325 585 3388 vion
607 3325 741 3387 tendenti
763 3323 873 3386 leonina
897 3323 1027 3403 quidam,

170 3437 262 3509 Quem
287 3445 384 3496 terrae
406 3436 504 3496 iusum
526 3435 662 3516 pelorum
685 3434 761 3496 trina
784 3433 906 3517 tenebat

66 3584 68 3611 ,
111 3551 155 3604 tua
170 3545 216 3606 Vis
239 3544 324 3608 cruci
346 3543 566 3617 inhaerentem,
590 3544 646 3606 tuit
665 3543 780 3605 ohmus.
824 3543 960 3624 Undique
983 3551 1087 3616 totum,

170 3655 213 3720 ite
234 3656 316 3728 riso,
341 3673 375 3717 se
397 3655 534 3716 distorsit
554 3653 737 3734 harhamque
759 3653 885 3716 senilem

171 3765 330 3838 Sufflahat,
354 3765 481 3843 graviter
503 3764 633 3845 suspiria
654 3773 778 3843 pectore
801 3763 922 3826 ducens.

210 3875 298 3949 Quod
322 3893 390 3936 cum
412 3875 560 3936 sensisset
579 3876 766 3947 Coracinus,
789 3874 859 3936 tatia
882 3874 972 3936 tando

173 3985 404 4047 Commemorat:
428 3985 524 4058 Quem
547 3994 579 4046 tu
602 3985 749 4046 confixum
772 3984 924 4064 conspicis
946 3985 1046 4056 isthic,

113 4103 157 4154 tto
174 4093 236 4173 ipse
256 4095 439 4171 Pnanrsuers
463 4094 617 4156 consultus
640 4093 771 4156 reddidit
790 4095 871 4158 istud

172 4203 312 4266 Verbum:
336 4204 396 4265 Pro
418 4204 531 4284 populo
553 4204 625 4266 dere
647 4223 761 4284 poenas
783 4204 904 4284 expedit
924 4223 1030 4267 unum:

173 4313 284 4394 Perque
306 4313 384 4375 riam
407 4313 524 4393 positus
546 4324 731 4386 transverse,
753 4323 787 4376 ut
807 4314 922 4388 cernis,
945 4324 976 4376 ct
997 4313 1078 4378 omni

173 4421 272 4485 Nudus
294 4431 377 4486 veste
396 4423 495 4504 jacet,
517 4423 704 4505 perpendere
725 4425 859 4505 pondere
878 4425 982 4506 jussos

68 4611 147 4628 “---

150 4622 238 4631 --—--
246 4625 508 4634 -ᾞ--ι
515 4625 723 4635 man—-
735 4623 1035 4634 ·a—--—„—--—q--
1043 4623 1096 4630 u·-
1103 4622 1146 4628 -—-
1161 4621 1166 4627 ·
