3144 5164
290 350 352 412 350
741 349 875 400 rannnrst
892 347 969 398 univ.
1557 287 1558 326 ἶ

248 443 329 452 ,...--.
350 441 427 447 ---
437 441 487 447 .-.
498 439 587 448 ...μ-.-

305 579 339 630 at
355 568 430 631 Dum
452 567 568 646 prolem
590 566 647 628 ibis
669 585 748 646 pono
769 575 861 638 uram,
883 567 1102 647 sphaeramqus
1122 581 1294 644 supremam

355 678 427 740 Plus
449 676 527 738 diam
550 675 674 748 efficies,
696 675 739 738 iiii
763 675 842 757 quod
865 696 898 738 ns
921 676 1019 738 addita
1042 694 1147 754 regno.

357 787 416 850 ista
437 785 533 848 melos
555 785 789 850 circumductum
811 785 867 848 sub
890 787 1018 850 carmina
1039 785 1170 848 hahebat

355 897 469 970 Finem,
493 914 610 976 unaque
632 895 708 958 aliae
729 895 814 958 luces
836 913 965 958 sonuere
980 893 1118 958 Martiam.

355 1006 458 1086 Regia,
481 1024 556 1086 quae
579 1006 671 1084 cingit
692 1014 815 1069 cunctos
836 1004 981 1083 vertigine
1000 1021 1089 1084 gyros

305 1120 338 1174 ⁹5
357 1117 534 1190 Steliiteros,
557 1115 648 1176 vestis
670 1133 755 1194 mage
778 1113 898 1187 torrida,
921 1115 1030 1195 cuique
1052 1113 1223 1177 ministrant

356 1227 428 1289 Plus
449 1226 526 1288 vitae
548 1225 645 1286 Patris
667 1242 767 1286 mores
789 1234 877 1304 atque
899 1225 1008 1287 halitus
1030 1223 1135 1296 alanus,

355 1335 418 1397 Nos
441 1353 533 1414 super
555 1333 679 1396 interius
701 1333 843 1398 distantia
866 1351 995 1398 ooooava
1017 1334 1144 1396 habebat

357 1447 416 1520 ste,
440 1453 481 1518 ut,
504 1443 556 1506 ubi
579 1451 728 1518 steteram,
750 1443 823 1506 mihi
845 1463 879 1506 se
900 1445 1033 1506 nondum
1055 1443 1106 1506 itta
1127 1441 1254 1504 ridenda

356 1555 553 1618 praeberent:
577 1572 653 1632 qnae
676 1571 780 1616 caussa
803 1554 867 1627 tuit,
892 1571 945 1616 our
967 1553 1053 1634 eopia
1076 1553 1156 1616 nutla

290 1676 340 1732 tttd
357 1664 403 1727 Sit
424 1664 491 1726 data
514 1663 675 1725 luminibus
696 1663 809 1726 nostris
831 1682 949 1726 servare
971 1663 1125 1743 sequendo

356 1775 451 1837 Posse
475 1781 646 1834 coronatam
668 1773 818 1836 flammam
837 1774 963 1836 sublime
985 1781 1137 1853 petentem

357 1884 554 1964 art-gentum
575 1901 670 1962 usque
693 1901 789 1944 suum.
813 1915 853 1930 ·-
876 1882 1090 1956 Velutinians,
1113 1882 1233 1945 brachia
1257 1882 1357 1946 tendit

359 1995 418 2068 Qui
440 2001 522 2055 satur
544 1993 580 2054 ad
602 2001 735 2064 matrem,
759 1992 829 2056 dum
850 1993 914 2056 risu
936 1991 1035 2072 prodit
1057 2011 1205 2056 amorem:

358 2105 409 2166 Sio
432 2123 465 2166 se
486 2102 640 2184 protendit
661 2102 787 2182 quisque
809 2121 846 2164 ex
867 2101 1047 2166 candoribus
1068 2102 1131 2165 iliis

290 2221 339 2276 toa
356 2214 472 2276 Vertioe
496 2211 623 2286 sublato,
646 2221 679 2274 ut
700 2211 808 2286 norim,
831 2231 920 2292 qnam
942 2213 1034 2274 eorda
1054 2211 1179 2274 Mariam

356 2323 522 2402 diligerent
542 2331 635 2402 grato.
681 2321 828 2402 Iieinoeps
850 2322 893 2386 itti
915 2330 984 2386 anto
1006 2331 1116 2384 stetere

357 2433 417 2496 Ora
438 2431 522 2506 mihi,
545 2450 640 2512 usque
662 2432 738 2494 adeo
759 2432 848 2506 dulei,
870 2431 991 2512 Reman,
1016 2431 1162 2505 canendo,

358 2537 459 2606 Coeli!
482 2550 637 2614 conuentu,
660 2550 693 2604 ut
714 2559 864 2622 nunquam
888 2542 960 2604 mihi
983 2550 1083 2605 mente
1104 2542 1242 2623 voluptas

356 2652 517 2714 Excidet-it
562 2651 678 2724 Quanta
700 2659 747 2716 est
767 2650 888 2716 ubertas
911 2652 1030 2716 condita
1052 2653 1083 2714 in
1103 2651 1163 2716 iliis

291 2777 341 2830 tto
357 2761 442 2825 treis
465 2759 614 2832 divitibus,
636 2769 733 2824 terrae
753 2761 834 2824 bona
856 2762 971 2824 semina
990 2762 1087 2826 doctis

357 2868 512 2934 diandare!
536 2869 592 2930 ttie
613 2870 671 2932 rita
694 2879 749 2943 est,
768 2870 853 2950 jurat
874 2871 923 2934 hio
945 2871 1072 2950 gaudere
1094 2881 1215 2952 reposto

359 2981 523 3052 Thesauro,
547 2997 645 3059 quem,
668 2980 719 3060 qui
742 2980 809 3044 exul
831 2989 895 3044 erat
915 2980 1074 3060 Babylonis
1096 2981 1126 3042 in
1149 2981 1233 3056 orbe,

359 3093 439 3154 Auro
463 3091 503 3152 ihi
526 3091 673 3167 neglecto,
696 3091 825 3169 aggessit
845 3099 962 3170 partum
985 3091 1064 3154 haud
1086 3091 1152 3154 sine
1174 3093 1257 3156 datu.

359 3203 416 3264 Hic
437 3199 493 3263 snb
514 3200 666 3280 progenie,
690 3201 774 3280 eujus
798 3219 893 3278 genus
915 3219 932 3262 a
952 3200 1040 3263 Patre
1062 3219 1179 3262 sumine

293 3323 341 3376 lta
360 3311 541 3373 Cunctorum
563 3310 699 3385 nomino,
721 3320 752 3372 et
771 3310 863 3373 Maria
885 3310 941 3373 sub
963 3319 1056 3374 matre
1079 3311 1242 3391 triumphat

359 3422 460 3484 Victor
481 3439 547 3482 cum
571 3420 701 3499 antiquis
724 3419 915 3484 erodentibus
936 3427 1027 3500 atque
1048 3420 1184 3492 novellis,

236 3532 241 3641 i
361 3531 419 3606 Qui
441 3531 538 3594 elavos
561 3539 665 3604 servat,
688 3548 744 3610 por
765 3549 839 3610 quas
860 3546 985 3608 rogatum
1006 3530 1066 3594 itur
1087 3529 1118 3592 in
1140 3529 1230 3594 istud.

837 3789 949 3872 XXIV·

402 3968 509 4029 lunda
531 3965 671 4030 sodalitio
694 3985 777 4030 saera
799 3969 893 4043 turba,
917 3969 1009 4032 eleots
1031 3969 1112 4032 beati

361 4077 507 4140 Grandem
529 4076 597 4156 agni
619 4077 655 4138 ad
678 4095 810 4152 coenam,
833 4087 862 4142 te
879 4079 924 4142 sie
944 4079 1096 4159 pascentis
1118 4079 1246 4152 abunde,

360 4188 398 4250 Ut
419 4186 561 4249 desiderii
583 4205 678 4267 usque
701 4187 743 4250 tui
764 4188 825 4252 sint
845 4189 951 4268 gaudia
973 4189 1078 4270 pleon

361 4297 548 4362 Gratifieanto
569 4297 642 4372 lieo,
665 4298 690 4360 si
713 4307 758 4360 est
780 4297 947 4380 praelibans
968 4308 1101 4382 potestas
