3144 5164
95 373 100 517 Ι
604 433 736 485 ιιιιιιιει
756 435 813 486 ιιι.
1212 443 1274 504 3⁴3

103 519 1315 552 ------------------.-,

206 649 274 722 Qui,
299 667 477 730 quamquam
500 651 648 732 adspiciat
669 670 802 732 raparum
823 673 858 716 ex
881 656 1014 734 margine
1036 659 1169 732 fundura,

205 759 272 820 Non
295 759 375 821 hunc
398 760 537 833 inveniat,
559 760 683 842 pelagus
707 763 733 824 si
755 763 917 826 adscendet
938 765 970 826 iu
992 765 1100 842 altum3

204 867 259 930 Est
282 877 380 932 tanuen
404 871 465 944 iiie,
487 871 540 934 sed
564 871 751 934 abscondunt
770 873 844 934 vada
866 892 956 936 coeca
978 877 1129 956 profundi.

205 978 270 1040 Lux
291 978 371 1040 nulia
395 988 451 1052 est,
474 999 549 1059 quae
571 999 633 1040 nou
655 981 804 1044 effulserit·
821 1001 873 1044 ore
895 1003 1012 1058 sereno,

155 1101 188 1155 su
206 1088 293 1161 Quod
316 1089 429 1151 nullum
453 1089 554 1151 turbat
574 1100 707 1170 tempusa
730 1090 871 1154 tenebrae
894 1093 1003 1166 cannia,
1026 1093 1126 1158 carnis

205 1197 314 1259 Umbra
337 1198 382 1259 vel
406 1198 496 1270 iliius,
519 1199 638 1279 dempta
661 1199 716 1262 ista
739 1201 815 1274 luce,
838 1220 994 1265 venenum.

246 1308 300 1370 Sat
321 1309 412 1370 modo
435 1315 537 1390 aperta
559 1317 643 1387 patet
663 1310 743 1371 clarc
765 1310 876 1374 latebra
900 1312 958 1384 itta,
981 1313 1128 1392 vigentem

205 1418 290 1492 Quae
313 1417 366 1480 tibi
385 1418 532 1499 justitiam
555 1417 706 1498 quendam
729 1419 827 1482 celare
848 1421 972 1495 sciehat,

202 1527 241 1590 Et
262 1528 316 1590 tibi
338 1527 458 1590 miranti
479 1527 575 1589 suasit
597 1537 657 1590 tam
679 1528 783 1591 crebra
806 1547 928 1608 rogam

153 1653 186 1706 se
203 1637 276 1699 Cum
299 1645 332 1699 tu
353 1636 491 1699 dicebas:
515 1636 643 1710 Quidam
666 1638 829 1717 Gangetide
851 1640 882 1701 iu
905 1661 956 1702 ora

201 1746 350 1820 Nascitur,
373 1756 463 1827 atque
484 1745 547 1809 illic
566 1756 733 1821 nemcest,
756 1747 808 1828 qui
829 1749 949 1812 nominc
973 1751 1122 1814 Christum

202 1855 378 1936 compellat,
401 1875 498 1936 nequae
519 1855 571 1936 qui
593 1857 700 1920 doceat
721 1857 892 1938 scribatque
913 1860 1066 1941 tegatque

205 1965 244 2027 tt
264 1967 339 2028 recti
361 1965 432 2028 huic
452 1985 563 2040 mores,
585 1975 617 2029 at
636 1966 738 2029 nescia
761 1967 864 2030 fallere
884 1969 953 2042 vita,

207 2075 313 2138 Omnia
338 2075 497 2156 sadrapis,
520 2094 640 2156 semper
661 2085 752 2150 casta,
775 2095 870 2156 aequa
891 2079 1035 2152 voluntas,

153 2197 188 2249 'tt
206 2186 311 2260 eroad
333 2186 410 2250 ratiti
432 2186 580 2248 humanae
601 2187 699 2266 poturit
719 2187 890 2267 pertingere
913 2189 1030 2260 mentis,

203 2295 269 2360 Nou
292 2295 362 2358 iacti
385 2305 434 2357 aut
454 2295 537 2356 verbi
558 2296 716 2359 maculavit
737 2296 862 2360 crimine
883 2297 986 2359 vitam:

202 2406 331 2480 Occidit,
353 2406 433 2468 haud
454 2406 532 2466 sacri
555 2405 673 2468 ablutus
695 2406 885 2487 baptismatis
907 2408 995 2480 unda,

200 2517 322 2597 Absque
343 2517 418 2590 fidu
440 2515 500 2578 heu
522 2515 574 2577 ubi
592 2515 709 2597 justitia
732 2526 787 2590 est,
810 2537 886 2597 quae
908 2518 1026 2578 damnat
1049 2520 1198 2582 euudena?

200 2626 259 2688 dut
280 2625 330 2686 uhi
353 2624 439 2706 culpa
463 2623 560 2706 hujus,
582 2625 609 2686 si
631 2625 729 2688 nescit
749 2627 873 2688 credere
895 2625 1038 2690 Christo?

152 2746 184 2800 75
200 2733 311 2816 Ecquis
333 2755 376 2806 es,
400 2735 431 2796 in
453 2735 595 2798 cathedra
617 2735 667 2816 qui
690 2735 735 2797 ris
757 2737 915 2799 considere
934 2737 1036 2816 juder,

200 2845 238 2906 Ut
257 2861 322 2906 rem
343 2844 487 2907 discutias
509 2844 639 2925 positam
661 2845 736 2907 ultra
759 2844 852 2908 miliia
874 2857 1003 2920 centum,

200 2952 253 3016 Vix
275 2961 364 3034 apuu
385 2953 484 3016 metiri
507 2955 594 3016 oculo
616 2955 746 3035 spatium
768 2955 857 3018 unius
880 2955 989 3018 uiuae?

242 3064 330 3126 Certe
352 3063 406 3138 itti,
427 3081 545 3126 mecum
568 3065 618 3144 qui
640 3074 834 3146 percontatur
854 3075 950 3138 acute,

199 3171 237 3235 Ni
258 3171 414 3252 Scriptura
436 3175 519 3236 ausis
539 3173 647 3236 vestris
669 3173 856 3255 praecideret
878 3175 950 3249 aias,

150 3292 184 3348 8⁰
200 3281 273 3344 iiira
296 3282 426 3363 quidem,
448 3284 554 3357 fateor,
577 3283 732 3347 dubitandi
755 3303 860 3346 caussa
884 3284 999 3346 suisset.

243 3392 268 3455 0
291 3411 398 3454 curvae
420 3392 452 3453 in
475 3404 569 3454 terras
591 3393 719 3467 animae,
742 3413 760 3455 ο
783 3394 910 3473 caligine
932 3413 1032 3455 crassa

200 3501 355 3566 Obductae
376 3501 508 3564 mentes!
531 3503 614 3576 Quae
636 3521 691 3584 per
711 3521 745 3566 se
766 3503 862 3584 prima
884 3503 1019 3567 voluutas

198 3611 253 3674 Est
273 3611 351 3674 bona
373 3611 598 3692 perfectumque
618 3613 739 3687 bouum,
763 3631 858 3692 usquc
879 3615 998 3676 immota
1021 3615 1166 3676 suadebit:

199 3721 232 3783 id
251 3721 364 3802 justum
387 3741 455 3784 esse
476 3730 557 3802 puta,
580 3723 660 3803 quod
682 3730 777 3784 toturn
798 3724 936 3802 congruit
956 3723 1016 3784 isti.

150 3839 183 3895 85
199 3831 284 3893 Nulla
306 3839 415 3906 creata,
438 3831 509 3894 iicet
529 3850 584 3912 per
605 3849 640 3894 se
661 3833 783 3913 optima,
804 3852 854 3895 res
878 3833 967 3895 trahit
989 3833 1104 3913 ipsaru3

200 3941 280 4016 Quin
302 3939 394 4004 immo
416 3941 492 4017 haec
512 3941 633 4004 radians
655 3949 703 4006 est
723 3943 811 4005 istius
833 3943 921 4006 unica
943 3945 1038 4021 origo.

242 4049 357 4125 Qualis,
379 4050 431 4112 ubi
453 4059 584 4114 saturam
606 4053 741 4116 officiosa
764 4053 879 4115 ciconia
902 4053 1016 4133 prolem

197 4160 333 4241 Agnovit,
355 4178 424 4224 sese
445 4160 518 4224 nido
539 4181 646 4225 secura
666 4162 787 4231 volutat.

198 4270 301 4345 Qualis
324 4277 354 4332 et
374 4270 458 4345 haec,
481 4289 558 4352 quae
579 4279 704 4334 matrem
726 4270 844 4353 expleto
867 4279 970 4334 ventre
991 4279 1103 4334 tuetur:

149 4383 182 4438 tt
197 4381 269 4444 Tale
291 4380 356 4456 tuit,
379 4399 427 4444 me
449 4379 494 4444 sic
515 4381 620 4444 ocutos
641 4389 785 4463 utrosque
808 4389 935 4454 tenente,
