3144 5164
318 401 380 464 378
753 403 888 454 ennensi
905 404 1003 454 suurn.
1495 359 1499 483 Ι

381 619 457 683 lllud
478 621 531 686 ubi
553 621 678 702 expletis
700 621 850 684 constabit
870 621 1004 702 partibus
1026 641 1133 704 aeque.

382 733 448 794 lloe
469 733 560 811 igitur
582 750 692 794 nonum
715 730 842 806 coelum,
865 732 946 812 qnod
967 732 1094 813 corripit
1115 751 1204 796 omne

332 849 366 904 to
382 845 500 915 Secum,
522 842 686 922 respondet
707 840 811 915 circlo,
834 860 922 921 quem
944 841 1091 922 plurimus
1113 843 1182 921 igue

381 952 473 1016 Ardet
495 971 587 1025 annor,
610 971 667 1014 nec
687 969 749 1014 non
770 951 867 1032 major
888 951 1037 1032 sapientia
1059 952 1143 1016 ditae

383 1063 470 1136 Quod
492 1061 520 1124 si
540 1063 657 1126 virtutis
677 1079 849 1124 mensuram
870 1062 1023 1124 attendere
1043 1064 1148 1136 maris,

384 1174 479 1247 Quam
501 1173 634 1252 speciem
654 1190 763 1244 rerum,
787 1190 863 1250 quae
885 1179 1031 1251 apparent
1050 1172 1130 1235 mole
1151 1173 1316 1248 rotundae3

383 1282 477 1345 Obvia
499 1290 652 1345 succurret
673 1281 728 1344 tibi
749 1281 954 1344 convenientia
975 1281 1059 1357 mira,

332 1405 366 1458 ⁷⁰
382 1393 416 1456 Si
437 1411 523 1455 rncns
545 1392 616 1454 huic
636 1391 742 1472 major,
766 1390 792 1452 si
813 1390 883 1452 huic
905 1390 1041 1466 maxima,
1064 1391 1091 1452 si
1112 1389 1162 1453 illa
1184 1390 1301 1452 minore

381 1505 505 1577 Virtute,
528 1503 603 1564 haee
623 1500 746 1564 minima
767 1511 822 1574 est,
845 1500 895 1562 uhi
918 1500 1034 1577 singula
1055 1499 1182 1579 sphaera
1203 1509 1335 1564 notetur.

424 1614 470 1686 Ut,
494 1613 520 1674 si
543 1612 619 1673 sorte
641 1629 716 1689 gena
736 1609 858 1683 Boreas,
883 1629 958 1690 quae
980 1609 1077 1672 lenius
1098 1609 1185 1684 halat,

382 1725 491 1804 Spiret,
514 1739 588 1801 puro
609 1720 685 1782 nitet
705 1718 787 1782 vultu
807 1720 915 1783 laetata
935 1737 1043 1782 sereno

380 1836 525 1895 durarum
546 1831 642 1908 regio,
665 1830 743 1910 quia,
767 1849 844 1910 quae
865 1829 1033 1893 turbauerat
1054 1837 1132 1901 ente,

331 1941 499 2010 rescindit
520 1959 553 2004 sc
576 1941 681 2016 nubes,
704 1948 733 2002 et
754 1940 786 2002 in
807 1940 926 2003 aethera
948 1946 1055 2020 purgat
1076 1946 1221 2020 qutun),

383 2052 465 2115 Unde
487 2071 542 2114 suo
564 2050 665 2114 rident
685 2049 824 2114 sublimia
845 2050 954 2130 templa
977 2049 1102 2112 decore.

381 2165 433 2228 Sic
455 2178 520 2239 ego,
542 2161 593 2224 ubi
616 2179 682 2224 mea
703 2175 851 2240 responso
874 2175 1049 2222 succurrere
1071 2157 1152 2220 claro

381 2273 445 2336 ltux
462 2271 537 2334 mihi
557 2289 618 2335 non
639 2271 749 2344 renuit,
770 2287 933 2348 verumque
955 2285 1010 2346 ego
1033 2287 1156 2332 cernere
1177 2267 1258 2347 quivi

382 2384 444 2445 Gen
467 2381 582 2444 stellam
604 2379 636 2442 iu
658 2379 753 2444 coelo.
795 2379 959 2458 Postquam
980 2385 1147 2440 cessaverat
1168 2377 1229 2450 illa,

330 2504 365 2559 8⁰
381 2493 448 2555 Non
470 2507 558 2552 secus
580 2508 615 2552 ac
635 2489 734 2552 vibret
754 2489 876 2562 serrum,
899 2487 979 2570 quod
1001 2488 1094 2552 lervct
1114 2487 1151 2550 al>
1173 2487 1251 2566 igne,

381 2601 467 2663 'lunc
488 2615 592 2662 omncs
614 2599 727 2680 pariter
747 2597 832 2661 circli
854 2599 981 2662 emisero
1002 2597 1128 2660 favillas.

381 2711 523 2790 Quaeque
546 2708 727 2788 sequebatur
748 2707 878 2770 scintilla
899 2707 1038 2772 incendia
1060 2723 1173 2780 comm,

381 2820 498 2899 'l'otque
519 2819 646 2890 inerant,
668 2825 711 2891 ut,
732 2817 759 2879 si
781 2835 905 2880 numero
928 2817 1007 2898 qnod
1029 2815 1149 2897 duplice
1170 2823 1290 2880 constat

381 2928 539 3008 Sexaginta
560 2927 614 2990 tibi
633 2927 749 2990 vicibus
770 2926 978 3008 duplicaveris,
1000 2927 1070 2989 inde

329 3046 363 3102 85
379 3039 446 3101 Non
468 3037 655 3100 millenorunr
679 3045 840 3114 exsurgent
861 3044 906 3099 tot
926 3035 1018 3100 millia
1039 3035 1127 3098 dena.

379 3149 535 3222 lloscaan,
559 3141 714 3212 losanae!
735 3145 825 3210 simul
844 3164 950 3208 omnes
972 3163 1045 3208 voce
1064 3146 1214 3226 frequenti

379 3260 544 3322 Insonuere
566 3257 651 3320 chori
674 3258 786 3319 ciuem
809 3275 870 3318 non
892 3254 1003 3318 mobile
1024 3263 1178 3335 punctum,

338 3411 341 3418 ·
381 3369 468 3443 Quod
491 3368 591 3432 stahili
613 3367 662 3430 his
684 3367 807 3430 dederat
827 3383 980 3445 nunquam
1002 3365 1145 3428 secedere
1167 3364 1250 3439 nido,

378 3480 599 3558 Aeternumque
621 3477 707 3559 ipsos
726 3475 876 3548 retinebit,
898 3475 949 3538 ubi
970 3493 1067 3554 usqne
1087 3475 1187 3550 iuere3

329 3603 363 3656 nn
378 3592 434 3652 Ast
454 3607 499 3661 ea,
522 3607 599 3668 queo
620 3587 702 3664 vidit,
725 3585 816 3650 dubia
838 3585 909 3665 qnid
931 3595 1031 3648 mente
1053 3601 1218 3646 moverem:

378 3697 466 3770 Ecce
489 3697 594 3777 inquit,
617 3697 731 3778 primae
753 3699 907 3760 Santonus
929 3695 1145 3774 Cnsnunruquc
1167 3713 1307 3768 cornuae,

380 3805 608 3886 Ostenduntque
629 3805 695 3880 tibi,
717 3813 827 3886 quanto
849 3825 902 3868 sua
924 3803 1034 3868 vimina
1057 3821 1147 3868 cursu

379 3917 546 3988 Seeteutur,
569 3915 694 3995 cupidae
715 3925 827 3996 puncto
849 3913 1044 3980 assimilarier
1064 3914 1119 3988 illi,

380 4028 446 4102 Qua
466 4033 604 4106 possunt,
626 4033 822 4106 possuntque,
843 4032 933 4105 prout
954 4024 1005 4106 qui
1028 4023 1172 4086 altissima
1194 4031 1352 4104 spectant;

328 4139 362 4192 91
379 4137 499 4218 Quique
521 4135 590 4198 illos
612 4135 663 4198 alii
685 4134 798 4198 ducum
818 4141 972 4197 uertuntur
993 4151 1121 4208 amores,

378 4247 453 4309 Esse
476 4246 620 4308 Tnnonos
642 4246 727 4320 scito,
749 4245 847 4308 divina
868 4243 900 4306 in
921 4244 1050 4324 imagine
1071 4261 1192 4326 semper

378 4355 551 4430 Haerentes,
573 4374 629 4438 per
650 4373 726 4436 quos
747 4353 850 4418 linitur
871 4353 908 4418 de
931 4353 1026 4418 uibus
1048 4373 1126 4418 unus
