3136 5164
95 417 98 471 Ι
181 421 183 424 ’
610 420 744 470 Ptatotst
765 421 799 470 Vi.
1209 434 1216 454 ⁸
1251 451 1254 458 ,

95 488 97 517 i
109 501 618 518 ·--——---..-.-.—1....-—....-.

204 634 353 698 Clausam.
380 669 413 679 -
442 637 478 696 m
501 636 580 715 quod
603 638 697 699 suasit
719 639 855 700 vexillum
879 640 947 702 talia
971 642 1036 714 tari,

202 743 327 805 Fecerat
349 753 418 806 ante
442 755 471 804 et
493 755 556 822 crat
577 746 723 808 iacturum
747 767 801 827 pro
823 748 940 828 imperii
963 749 990 810 vi

202 853 319 914 iiiortali
343 853 493 926 interris,
519 855 597 933 quod
621 857 676 917 sub
699 857 812 919 ditione
834 859 987 936 gubernat,

202 963 250 1026 Fit
272 963 336 1024 leve
358 974 389 1024 et
410 961 571 1024 obscurum
593 965 703 1044 specie,
727 967 752 1027 si
777 968 880 1029 tertius
902 968 1009 1031 haeres

154 1080 187 1131 tto
203 1073 391 1152 spectandus
414 1073 503 1133 fucrit
525 1073 643 1147 Caesar,
666 1082 694 1136 te
713 1076 816 1156 judice
839 1085 934 1150 acuto,

93 1230 96 1241 .
202 1183 240 1243 Et
261 1183 352 1244 studii
375 1201 460 1262 puro.
505 1183 578 1244 Nam
597 1183 687 1264 justa,
711 1195 830 1247 aeterna
852 1195 996 1265 potestas,

92 1246 96 1429 Ι
202 1293 286 1352 Hanc
308 1292 380 1352 mihi
405 1310 481 1371 quae
504 1292 631 1371 inspirat
653 1303 791 1368 mentem,
815 1304 1005 1358 concesserat
1025 1297 1077 1358 iili.

204 1404 300 1475 Quem
322 1402 400 1475 dico,
423 1401 550 1474 laudem,
574 1421 662 1481 quam
686 1403 775 1464 ultam
798 1404 933 1466 duxisset
953 1405 991 1466 ob
1016 1405 1089 1468 iram

91 1436 95 1625 i
202 1510 235 1572 id
259 1511 368 1572 dantis.
393 1543 434 1556 -
455 1511 540 1572 Nunc
562 1528 638 1591 qnae
660 1512 718 1574 huc
739 1513 862 1575 veniunt
882 1513 1048 1588 reserenda,
1072 1517 1217 1597 stupebis.

92 1632 94 1665 ¹
154 1621 288 1694 sanein,
311 1620 473 1682 comitante
495 1620 573 1694 Tito,
596 1639 710 1700 poenas
733 1633 887 1703 sumptura
902 1600 1019 1685 ¹volavit

91 1672 94 1795 i
202 1731 363 1810 Antiquam
387 1730 445 1791 ulta
469 1729 578 1791 scelus.
620 1731 695 1792 Tum
717 1751 797 1806 vero,
819 1731 871 1794 uhi
894 1734 970 1795 oviie
992 1736 1153 1798 momordit

90 1816 94 2021 ι
202 1840 282 1902 licus
303 1839 522 1918 Longobardus
543 1849 688 1914 sanctum,
711 1859 780 1904 sese
802 1841 882 1903 iilius
907 1842 963 1904 aiis

202 1950 327 2012 Tectum
349 1949 534 2010 succurrisse
556 1949 617 2024 isti,
639 1950 717 2012 victo
740 1951 836 2025 hoste,
860 1955 969 2014 fatetur

91 2024 94 2051 '
203 2059 328 2122 Carolus
349 2059 381 2120 in
401 2059 491 2119 terris
510 2059 643 2138 Magnus.
686 2061 751 2122 Jam
774 2069 804 2121 tu
827 2061 893 2141 ipse
915 2061 1040 2136 videbis,

90 2056 94 2243 i
141 2187 187 2238 lou
204 2169 261 2243 Qui
284 2169 359 2242 siut,
383 2187 458 2247 quos
480 2187 569 2249 supra
592 2187 717 2244 accuso,
741 2177 770 2232 et
793 2189 869 2251 quae
890 2171 947 2234 hos
969 2172 1093 2234 crimina
1116 2175 1265 2249 damnent,

90 2256 93 2271 ⁸
201 2279 285 2341 Unde
309 2277 390 2340 venit
411 2277 496 2339 vobis
518 2287 692 2340 cunctorum
715 2299 819 2342 caussa
843 2281 997 2343 malorum.

193 2389 301 2450 'Altera
324 2387 474 2449 communi
496 2387 582 2466 signo
604 2405 675 2468 pars
697 2389 758 2450 litia
780 2390 855 2452 tiara

88 2459 93 2631 1
203 2497 345 2579 Opponit,
368 2497 495 2558 seorsim
517 2515 587 2578 pars
609 2497 701 2560 aitera
722 2499 855 2561 vindicat
875 2500 971 2572 istud;

89 2636 92 2729 Ι
202 2609 286 2670 Mens
308 2617 355 2668 est
376 2607 406 2668 iu
429 2607 530 2680 dubio,
554 2607 621 2686 quis
643 2609 740 2690 major
761 2609 876 2688 ceperit
897 2628 981 2670 error

140 2723 185 2776 toa
202 2717 393 2778 Alterutrum.
437 2717 541 2778 Utatur
561 2717 649 2778 solita
670 2735 725 2797 pro
747 2717 860 2779 viribus
883 2727 945 2781 arte

202 2826 301 2889 Turba
324 2825 485 2888 Ghibeltini
508 2826 608 2887 studio
629 2827 809 2888 inflammata
830 2828 956 2903 furoris3

202 2937 255 2998 Ast
276 2935 356 2997 aliud
379 2935 495 3012 signum
518 2944 642 3015 quaerat
662 2935 736 3009 sibia
759 2955 818 2997 non
841 2936 917 3000 hene
939 2939 1026 3001 mites

202 3043 267 3108 Hoc
288 3045 431 3124 sequitur,
454 3046 505 3125 qui
528 3065 543 3108 a
562 3045 676 3126 justitia
699 3044 863 3126 sejtrnxerit
885 3047 994 3128 ipsum.

202 3155 281 3216 Neve
302 3155 370 3218 hoc.
393 3155 595 3235 Gueiphorum
617 3155 703 3217 turba
725 3156 855 3236 stipante
878 3175 1008 3230 suorum,

140 3264 328 3327 eruderatus
350 3265 407 3326 iste
428 3283 524 3327 novus
547 3272 669 3338 sternat,
692 3255 792 3328 rerum
815 3266 936 3328 horreat
957 3285 1081 3346 ungues,
1318 3260 1322 3417 j

204 3375 260 3448 Qui
284 3393 369 3453 mage
392 3374 512 3436 sublimi
533 3375 628 3436 roilus
648 3375 765 3436 volsere
787 3374 877 3436 teoni.

200 3485 266 3545 Jam
289 3503 379 3564 saepe
402 3483 440 3545 ob
462 3483 579 3564 crtlpam
602 3484 664 3546 nati
686 3487 793 3547 tlerere
815 3493 987 3565 parentuma
1319 3448 1323 3500 Ι

88 3520 91 3715 l
201 3595 263 3655 Nec
285 3603 465 3656 mutaturum
488 3601 611 3673 propter
631 3612 684 3655 sua
706 3593 769 3655 iiiia
791 3611 901 3656 numen

88 3718 91 3768 t
202 3704 293 3780 Signa
315 3711 410 3784 putet.
454 3703 539 3764 Parvi
563 3704 655 3765 decus
676 3704 766 3784 hujus
788 3703 898 3766 sideris
921 3711 1035 3775 omant,

88 3773 91 3897 i
140 3819 185 3871 tto
203 3815 284 3887 Qtrac
306 3813 405 3874 nullos
427 3827 557 3892 unquam
579 3813 781 3875 detrectavere
803 3813 931 3887 labores,

202 3923 319 3984 Gnarae
342 3923 468 3996 animae,
491 3933 644 3985 aeternum
667 3931 700 3984 ut
719 3923 818 3984 veniat
839 3931 910 4003 post
930 3924 1033 3984 funera
1056 3943 1174 3986 nomen.

200 4031 335 4111 Namque
356 4031 407 4093 uni
431 4049 519 4093 curae
541 4032 639 4094 isthuc
660 4033 793 4102 tendunt
816 4041 846 4093 et
866 4034 984 4093 tramite
1005 4032 1147 4094 oberrant

202 4141 267 4204 Huc
289 4141 361 4202 iiiuc
382 4141 474 4214 vario,
494 4143 608 4222 pariter
627 4142 688 4204 reri
711 4142 789 4222 ignis
811 4143 923 4205 amoris

201 4249 239 4312 Et
260 4251 360 4312 minus
382 4263 471 4331 atque
492 4251 592 4314 minus
614 4251 696 4312 vivax
719 4251 890 4324 adscendet,
913 4256 1041 4332 oportet.

139 4363 186 4416 tto
202 4362 255 4423 Ast
274 4361 350 4422 haec
372 4379 438 4424 cum
461 4361 568 4422 merito
591 4361 772 4423 commcnsis
793 4361 919 4440 pignora
940 4367 1043 4423 nostro
