3124 5170
314 439 375 503 loc

380 659 488 721 Secum
512 659 692 721 adducturus
714 659 810 732 venit,
832 658 918 740 niger
939 659 1056 724 obstitit
1076 680 1152 724 unua
1255 657 1259 664 '

313 778 361 832 1⁰5
378 769 420 830 lle
443 768 592 830 Cherubin
615 768 740 848 Stygiis:
761 768 906 848 nouitque
928 769 1038 850 injuria
1058 770 1141 846 dixit,

377 877 421 938 Ne
444 877 522 938 tolle.
568 878 653 940 Hunc
673 897 802 959 aequum
824 887 871 940 est
892 879 1073 942 descendere
1095 880 1126 943 in
1148 881 1208 944 ima
1229 902 1366 948 meorum

377 986 557 1049 permirtum
579 989 700 1070 populo.
742 989 818 1050 Nam
839 988 960 1069 plenum
980 989 1095 1052 fraudis
1117 991 1154 1052 ch
1176 991 1235 1054 isto

377 1097 464 1158 Venit
484 1097 657 1171 consilium,
679 1107 750 1177 pest
771 1099 851 1178 qued
872 1098 948 1160 crini
969 1098 1066 1179 ipsius
1087 1100 1182 1162 liaesi.

376 1206 510 1286 Namque
532 1208 611 1270 haud
633 1208 691 1270 ulla
714 1209 781 1270 data
803 1216 850 1270 est
871 1208 1025 1270 absolvere
1046 1229 1136 1289 posse
1158 1211 1294 1284 facultas,

312 1330 360 1382 11⁰
378 1316 474 1389 Quem
495 1336 556 1378 non
578 1317 744 1398 poenituita
766 1318 819 1379 sed
842 1317 959 1398 culpam
982 1318 1098 1392 odisse,
1122 1320 1270 1401 simulque

376 1426 460 1488 liano
481 1427 570 1499 velle,
593 1426 672 1488 haud
694 1437 830 1507 pareat:
854 1427 920 1508 quis
942 1428 1022 1491 enim
1043 1429 1205 1509 pugnantia
1228 1439 1335 1494 cortu-a

375 1533 505 1615 lungatf
526 1537 579 1610 Et,
601 1537 660 1598 lteu
682 1536 806 1600 miseret
830 1556 955 1600 excusso
976 1539 1051 1601 milri
1074 1538 1125 1618 qui
1147 1539 1204 1602 fuit
1224 1540 1346 1604 aestuas!

377 1648 450 1708 Cum
472 1665 520 1707 me
542 1646 710 1726 corripiens
733 1646 821 1709 dixit:
847 1648 923 1710 llum
946 1648 1022 1710 forte
1043 1647 1178 1727 putabas,

376 1755 422 1815 lle
442 1754 573 1833 logicum
595 1775 656 1817 non
677 1775 755 1820 ease.
797 1760 894 1837 Atque
916 1758 953 1818 ad
974 1757 1072 1820 lliuca
1094 1758 1225 1832 retraxit,

311 1872 359 1926 115
375 1865 465 1945 leque
486 1875 593 1946 quater
614 1865 750 1944 gemines
772 1867 895 1928 caudam
917 1865 1046 1929 sinuarit
1066 1867 1097 1929 in
1119 1867 1219 1940 orbes,

375 1975 420 2038 Ad
442 1974 548 2036 durum
570 1975 721 2038 adducens
743 1975 880 2049 dorsum,
904 1985 935 2040 et
955 1975 1044 2038 simul
1066 1995 1119 2038 ore
1139 1978 1303 2040 memordit

375 2084 492 2147 Acriter
514 2084 623 2158 iratus,
645 2085 754 2148 deinde
776 2086 830 2148 has
852 2085 935 2149 dedit
956 2105 1008 2148 ore
1029 2085 1181 2166 loquelas:

374 2194 467 2256 lstum
489 2195 607 2255 flamma
626 2194 715 2256 decet
735 2196 820 2258 furax
841 2204 978 2270 rontem3
997 2204 1090 2276 utque
1111 2195 1212 2259 ridere
1234 2207 1291 2270 est,

374 2303 513 2366 Perditns
535 2304 583 2366 his
605 2304 710 2382 lugens
732 2313 887 2368 contectus
910 2304 1040 2368 reatibus
1062 2323 1141 2368 erro.

309 2417 358 2468 12⁰
417 2412 530 2476 Flebile
551 2415 614 2476 risa
637 2414 737 2494 queri,
760 2423 898 2478 contorto
920 2416 1038 2478 flamma
1059 2416 1170 2494 refugit

376 2522 583 2604 Quassatoque
605 2522 657 2584 diu
679 2523 824 2587 vibrantis
846 2523 983 2588 acumine
1005 2543 1108 2586 cornu.

374 2634 437 2694 llur
458 2641 489 2694 et
510 2651 564 2712 ego
586 2633 712 2696 ulterius
734 2635 909 2706 transimus,
933 2643 1015 2713 terga
1036 2643 1217 2714 prementes.

373 2741 482 2821 llupis,
505 2743 542 2804 ad
564 2761 658 2823 usque
680 2744 784 2816 aliam,
807 2763 883 2825 quae
906 2744 957 2806 dat
977 2745 1159 2806 contendere
1181 2744 1218 2806 ad
1240 2764 1354 2821 ιιοιιιιι,

375 2851 433 2924 Qui
455 2852 699 2932 superimpendet
719 2853 834 2926 fessae,
857 2853 889 2915 iu
910 2871 968 2934 qua
990 2862 1124 2917 statana
1146 2872 1244 2934 poena

308 2965 356 3020 125
373 2960 451 3035 lllis,
476 2961 526 3042 qui
548 2963 706 3042 conjuncta
727 2962 815 3024 simul
837 2975 907 3024 sunt
927 2963 1064 3026 scindere
1085 2964 1192 3026 adorti.

831 3223 975 3307 xxtttt.

416 3401 491 3474 Quis
513 3401 592 3481 potia
614 3409 675 3472 est,
697 3401 796 3464 verbis
817 3403 863 3464 rel
885 3402 988 3482 quavis
1009 3402 1074 3481 lege
1096 3403 1211 3476 solutis,

372 3510 478 3572 Dicere
499 3510 680 3589 sanguineos
701 3510 796 3582 rivos,
820 3531 856 3574 ac
876 3514 1008 3593 pandere
1030 3514 1142 3593 plagas,

374 3621 455 3693 Quas
477 3619 566 3681 modo
589 3619 748 3700 conspexi,
770 3622 933 3701 repetendo
955 3641 1047 3702 saepe
1068 3619 1184 3685 relata?

373 3729 479 3792 Omnis
499 3728 599 3808 lingua
622 3729 742 3810 quidem
764 3730 877 3806 minua,
900 3751 936 3794 ae
956 3731 1055 3794 minua
1077 3732 1159 3795 utilis
1181 3743 1272 3805 esset,

340 3839 418 3902 rob
441 3847 646 3919 paupertatem
666 3839 763 3902 nostri
784 3841 948 3912 sermonis,
971 3850 1003 3903 et
1023 3851 1122 3904 arctos

372 3949 418 4012 Ob
440 3947 549 4010 mentis
571 3949 661 4022 lines,
683 3967 744 4012 noo
767 3957 853 4029 aptae
875 3959 982 4013 cuncta
1003 3961 1115 4014 tenore.

415 4057 447 4122 Si
470 4056 537 4138 quis
559 4071 733 4136 congereret
754 4059 845 4123 totius
867 4060 1117 4139 gentisaoerros,

371 4169 430 4231 l‘ro
453 4167 562 4248 quihus
583 4167 686 4230 infelix
707 4168 801 4230 fertur
821 4177 900 4232 terra
919 4171 1035 4251 Appula
1057 4171 1141 4234 caedi

370 4277 539 4341 lndoluisse
560 4295 647 4350 snae,
669 4277 841 4342 Aeneadum
863 4280 929 4342 data
951 4290 1033 4343 vasta
1056 4281 1112 4344 sub
1134 4299 1217 4354 enac,

323 4398 356 4452 lo
370 4389 466 4470 Atque
487 4386 672 4450 aunellorurn
693 4386 826 4452 diuturni
847 4390 886 4452 oh
907 4399 1041 4472 ternpore
1063 4391 1134 4456 belli
