3124 5170
326 452 367 516 ‘1ss
767 453 962 506 tetendotttttt
978 455 1025 507 xx.
1494 409 1500 733 Ι

392 671 536 734 Omnibus
557 669 739 734 horrendum
761 672 974 736 clamantibus:
999 674 1065 748 Quo
1087 675 1168 748 ruis,
1192 673 1285 739 ebeni
1552 733 1553 780 p

339 796 373 851 35
392 781 458 855 Qun
480 779 560 855 ruis,
581 781 768 856 marsnae,
794 782 865 863 quid
887 783 938 844 bie
960 784 1070 847 inlecta
1093 785 1240 867 relinquis

389 887 494 954 llellel
515 891 575 954 Sed
597 890 648 954 ille
670 900 769 954 tamen
791 910 852 955 nnn
874 893 989 956 destitit
1009 894 1054 956 ire
1076 895 1226 974 profunda

389 1001 424 1063 ln
445 1001 526 1074 loen,
549 1000 600 1063 ubi
621 1001 718 1064 blinds
740 1002 895 1082 delapsum
918 1020 1065 1084 quemque
1086 1004 1221 1068 rerineit

388 1109 511 1192 Aspice,
535 1119 567 1172 ut
587 1129 623 1172 ex
644 1123 728 1191 tergo
749 1119 854 1192 peetus
877 1111 935 1174 sibl
959 1111 1047 1188 lenita
1068 1113 1110 1174 ob
1131 1113 1212 1177 illam

391 1222 546 1293 Ceussam,
569 1239 627 1301 qua
648 1221 742 1283 veluit
761 1221 886 1283 nimium
907 1239 957 1282 res
979 1232 1046 1285 ante
1068 1223 1178 1298 videre,

338 1345 373 1400 tp
389 1329 537 1411 Respicit,
561 1339 650 1409 atque
671 1330 748 1392 siam
770 1331 861 1392 mede
882 1331 999 1411 engitur
1019 1331 1064 1394 ire
1086 1345 1260 1397 retrorsum.

237 1417 243 1426 ¹
431 1439 541 1521 dspiee
563 1439 722 1513 Tmesrtn,
737 1439 798 1521 'qui
821 1439 984 1502 mutavisse
1005 1443 1129 1521 ligurem

389 1551 495 1613 Fertur
516 1550 612 1630 deque
632 1549 697 1612 rire
720 1551 815 1612 laetus
837 1549 926 1612 medo
949 1551 1074 1625 semina,
1096 1552 1165 1616 dein
1187 1552 1240 1626 vir,

390 1661 501 1724 Cuncta
524 1657 581 1721 sibi
603 1659 691 1722 vertit
711 1660 863 1722 membre:
886 1667 934 1722 ast
954 1657 1062 1723 itemm
1084 1669 1151 1724 ante
1173 1661 1282 1724 baeillo

388 1770 468 1832 Nera
491 1769 580 1832 simul
601 1769 662 1830 due
682 1777 855 1849 serpentum
877 1770 947 1833 huie
970 1771 1119 1834 caedenda
1142 1772 1262 1834 luerunt

338 1889 372 1944 45
390 1879 551 1960 Corpora,¹
564 1896 651 1959 quem
672 1879 788 1959 plumas
809 1887 914 1959 posset
934 1899 1075 1943 revocare
1097 1881 1209 1943 viriles.

431 1989 491 2052 Sed
513 1988 579 2070 qni,
603 2008 681 2069 pone
702 1989 805 2069 legens
826 1988 915 2071 hujus
935 1989 1076 2069 vestigia,
1098 2000 1182 2070 terge

388 2099 488 2179 lpsius
510 2117 578 2160 sese
599 2097 695 2162 ventri
717 2100 776 2162 tert
797 2099 922 2173 ebrius,
944 2097 995 2161 ille
1017 2108 1064 2162 est

388 2210 503 2282 dauns,
527 2208 577 2289 qni
600 2209 751 2288 quondam
772 2227 806 2272 sa
828 2207 859 2270 in
881 2209 1032 2271 montibus
1055 2209 1171 2271 abdidit
1191 2209 1260 2272 altis

388 2320 506 2391 Lunae,
528 2317 579 2379 ubi
601 2319 776 2399 suppositus
799 2319 953 2381 (lanarius
976 2319 1077 2382 aeeole
1098 2327 1211 2382 runeat.

337 2441 372 2496 en
388 2429 465 2491 lluie
487 2435 596 2490 testum
619 2427 762 2508 spelunea
785 2427 840 2490 luit
862 2428 899 2492 de
921 2447 1069 2491 marmure
1091 2448 1177 2502 eane,

388 2538 472 2601 Unde
493 2536 599 2616 ingens
620 2538 716 2618 patuit
737 2537 903 2619 speculanti
925 2546 1036 2618 pontus
1057 2547 1088 2600 et
1109 2540 1220 2602 selber.

432 2648 574 2728 Quaeque
596 2647 669 2726 tegit
688 2665 846 2720 mammas,
870 2667 944 2728 ques
966 2667 1027 2710 nnn
1049 2657 1097 2710 est
1117 2667 1240 2712 eernere
1261 2648 1361 2722 nobis,
1495 2672 1498 2687 ·

389 2755 528 2820 Crinibus
550 2757 669 2830 eliusis,
692 2775 762 2837 pars
785 2757 869 2818 illine
892 2775 1027 2838 quaeque
1047 2757 1145 2838 pilose

389 2865 444 2930 Cui
465 2874 561 2948 patet,
583 2874 631 2928 est
652 2867 772 2939 Mauro,
795 2885 872 2948 quae
892 2867 1020 2948 plurima
1043 2885 1133 2948 regna
1156 2867 1270 2950 petivit,

338 2984 371 3039 55
389 2975 478 3050 Dein,
502 2993 559 3056 epm
581 2993 629 3038 me
651 2975 784 3054 genetrix
805 2975 938 3057 peperit,
961 2997 994 3039 se
1017 2977 1047 3039 in
1070 2977 1141 3040 sede
1162 2977 1285 3040 loeavit:
1329 2971 1333 2986 '

390 3085 490 3160 Quare
511 3105 605 3166 panes
628 3085 716 3160 libet,
740 3094 769 3148 te
791 3104 878 3148 aures
901 3087 1077 3168 praebente,
1100 3089 1223 3150 referre.

388 3197 469 3258 llaec
491 3194 542 3258 ubi
564 3195 709 3276 persolvit
730 3196 870 3258 defuneto
890 3197 971 3277 justa
993 3197 1121 3277 parenti,

387 3307 539 3386 Passaque
562 3305 715 3368 servitium
737 3314 784 3368 est
804 3325 879 3386 quae
902 3305 973 3367 elim
996 3306 1142 3369 cunabula
1163 3307 1281 3368 lleeebo

387 3415 464 3478 Urbs
486 3414 582 3486 dedit,
606 3416 673 3496 ipsa
694 3415 744 3477 diu
767 3415 823 3478 luit
844 3416 1010 3478 errabunda
1031 3435 1087 3498 per
1108 3417 1220 3479 orbem.

338 3535 372 3588 ee
387 3524 468 3599 lllie,
489 3523 593 3586 ltaliae
616 3527 746 3586 formose
767 3525 819 3588 nbi
841 3525 982 3606 penditur
1004 3545 1065 3599 era,

388 3635 468 3696 lnlra
490 3633 580 3714 Alpes
602 3635 685 3696 laeus
707 3642 766 3708 est,
790 3634 840 3715 qui
864 3643 908 3709 te,
931 3635 1104 3710 Germania,
1128 3635 1240 3698 claudit

388 3743 523 3806 'l'irolnm
545 3761 650 3824 super,
674 3753 704 3806 et
724 3745 873 3807 Benaenm
896 3745 1018 3808 nemine
1040 3745 1151 3807 dieunt

388 3853 447 3916 Per
467 3851 549 3915 mille
571 3863 602 3915 et
621 3854 723 3934 plnres
745 3852 825 3917 hune
847 3855 936 3916 eredo
959 3873 1095 3918 creseere
1118 3855 1209 3928 rives,

389 3963 515 4026 Gardam
537 3960 616 4025 inter
637 3963 843 4044 Camunmque
866 3972 896 4026 et
917 3965 1086 4028 nubiferum
1109 3963 1307 4045 Apenninum,

339 4085 373 4139 tlt
388 4073 484 4153 dtqne
506 4073 614 4134 undam
637 4071 829 4148 intumuisse,
852 4075 920 4136 taen
941 4093 1017 4156 quae
1039 4083 1157 4153 stagnat
1177 4075 1209 4136 in
1231 4075 1299 4137 iste.

389 4183 424 4245 ln
444 4180 543 4245 medie
564 4181 649 4244 loeus
670 4193 735 4256 est,
758 4201 847 4263 quem
869 4183 926 4246 dux
949 4184 1063 4263 gregis,
1086 4193 1175 4264 atque
1196 4184 1348 4264 magister,

389 4292 459 4356 Sive
479 4291 689 4366 Tridentinus,
712 4309 766 4354 sen
787 4293 838 4373 qni
861 4301 905 4367 te,
928 4293 1042 4368 Brixia,
1066 4311 1121 4358 seu
1143 4295 1194 4375 qui

389 4403 447 4477 Te,
470 4403 600 4478 Verona,
622 4401 695 4465 colit
715 4401 861 4484 patriam
883 4401 1053 4467 describere
1074 4409 1188 4486 posset,
1495 4358 1499 4604 Ι
