3224 5166
101 430 105 556 Ξ
604 422 785 473 ΡΙῙΙΙῧΔΤθΗΙΙ
802 423 839 473 tt.
1240 418 1245 428 '

101 610 105 648 Ι

181 657 212 708 lu
229 642 384 720 Quemque
407 649 493 703 treus
515 639 610 702 cuniis
632 649 719 721 etque
741 641 872 720 undique
890 641 1155 722 circumspectans,

228 751 378 830 iiultaque
399 750 577 830 premittens
599 769 615 812 a
635 749 753 812 cunctis
775 749 850 811 iiber
870 749 996 814 abibam.

271 861 327 923 Hic
348 862 518 930 muman,
540 859 593 938 qui
614 858 670 920 suh
693 860 754 920 iera
775 857 894 922 brachia
916 856 1004 922 Gsrnr

230 970 271 1033 De
294 970 393 1031 Tscce
416 968 570 1038 occubuit,
592 968 667 1040 ridi,
690 967 801 1047 quique
822 969 932 1048 impete
954 985 1046 1031 ceete

230 1079 339 1141 Hostes
362 1078 433 1140 dum
453 1077 637 1156 insequitur,
660 1077 831 1156 subjectum
850 1077 953 1156 lapsura
974 1079 1004 1138 in
1027 1097 1142 1141 amnem

183 1203 213 1255 tu
231 1187 394 1250 interclusa
415 1187 512 1248 aninta
532 1185 630 1265 periit.
673 1186 729 1247 iiic
750 1201 818 1248 cum
839 1205 928 1265 prece
950 1186 1057 1248 nanus

231 1296 375 1360 Attollens
397 1297 510 1376 palmas
531 1296 691 1358 Fsrnnrcus
714 1304 855 1374 nuasque
877 1296 1044 1364 Novanius.

232 1407 375 1469 Necnon
397 1405 522 1467 Pisanus
546 1412 685 1478 testatus,
707 1413 829 1484 pectere
851 1405 920 1466 ferti

231 1514 411 1578 namucum
433 1513 595 1578 eminuisse
616 1512 745 1584 bonum,
768 1513 917 1588 tardabam
940 1522 970 1577 et
991 1514 1062 1576 Unsr

230 1624 296 1686 vidi
318 1623 445 1687 animam
467 1623 602 1695 comitisq
624 1623 834 1702 disjunctaque
856 1641 983 1702 corpere
1004 1622 1043 1684 ob
1065 1624 1138 1686 iram

180 1746 215 1798 at
231 1734 336 1814 Atque
348 1751 449 1796 acrem
470 1732 624 1804 invidiam,
647 1731 724 1794 sicut
744 1732 876 1804 dicebat,
898 1739 927 1795 at
948 1731 1007 1796 ulia

232 1843 352 1922 Absque
374 1861 427 1906 sua
449 1840 551 1921 canipa,
573 1841 662 1904 nobis
684 1842 781 1904 anima
801 1841 892 1904 altera
912 1841 992 1904 venit

233 1951 334 2014 Obvia.
376 1951 440 2030 Ege
461 1951 584 2012 Parcus
604 1950 798 2013 Bmccsnesrr
821 1951 901 2012 huuc
923 1969 991 2012 esse
1012 1949 1152 2014 monebu.

232 2067 327 2141 Atque
349 2061 399 2122 hic
420 2069 608 2140 praecaveat,
631 2069 772 2140 superest
792 2061 862 2122 dum
884 2060 955 2130 vite,
978 2059 1132 2122 Barsines
1166 2099 1168 2106 ,

232 2170 359 2249 Regina,
382 2189 416 2232 ac
437 2169 613 2240 videst‚.nc
634 2169 721 2249 pejor
741 2187 775 2230 se
797 2177 914 2230 maneat
934 2183 1013 2244 grex.

180 2289 215 2341 tt
275 2280 363 2341 Omni
383 2299 432 2342 me
452 2287 612 2358 postquam
634 2278 756 2340 dissolvi
779 2278 910 2340 exercitu
930 2297 1032 2340 eanum
1344 2270 1349 2456 ³

231 2388 407 2451 Umbrarum
429 2395 580 2461 orantum,
603 2396 636 2449 ut
656 2388 790 2467 requiem
811 2387 869 2450 sibi
890 2387 1026 2466 supplice
1047 2405 1120 2450 rece

234 2499 362 2561 Orarent
382 2497 452 2570 aiii,
475 2497 514 2558 eb
537 2515 625 2577 quarn
647 2498 756 2560 sanctis
779 2515 846 2558 esse
868 2497 969 2558 liceret

234 2606 343 2677 Ocius,
367 2607 416 2666 hic
438 2606 538 2685 coepi:
562 2606 587 2667 0
609 2606 761 2678 menius,
784 2607 924 2668 decuisse
944 2605 1061 2666 videtur

235 2717 363 2779 Omnino
386 2725 435 2778 tua
456 2715 539 2778 niusa
559 2716 627 2778 inco
649 2735 710 2778 nnn
731 2733 822 2794 pesse
843 2715 994 2794 precando
1093 2753 1098 2758 -
1343 2749 1346 2792 t

183 2835 217 2888 tu
234 2828 304 2888 Fata
326 2826 379 2888 Dei
400 2826 497 2898 flecti;
519 2833 616 2887 tamen
638 2825 668 2886 id
690 2825 842 2903 peneistn
863 2824 996 2902 rugabat.

235 2935 355 2997 Frustra
378 2953 449 3012 ergo
471 2935 502 2996 hi
524 2930 668 3012 speranti
689 2934 734 2996 An
756 2951 817 2994 nen
839 2933 916 2996 bene
938 2933 1048 3014 ecripta
1070 2941 1225 3012 patescunt

234 3045 273 3106 iti
296 3041 367 3108 tua?
388 3075 430 3088 —
452 3047 488 3107 At
510 3045 537 3104 is
559 3051 677 3106 centra:
700 3043 733 3105 Si
755 3043 994 3122 contemplabere
1015 3061 1088 3104 sans

235 3154 308 3215 item
328 3154 448 3234 penitus
468 3161 583 3225 mentm
606 3159 653 3214 est
674 3151 770 3215 saeuis
791 3151 957 3230 plenusque
979 3169 1112 3212 meomm

236 3263 421 3344 Scriptorum
443 3281 568 3332 sensus,
590 3279 687 3342 neque
709 3279 763 3322 ecs
785 3279 855 3338 spes
878 3259 953 3320 ludit
974 3260 1080 3320 inanis.

184 3372 367 3451 aeliamque
388 3371 467 3434 hand
490 3371 644 3434 descendit
664 3371 806 3452 maiestas
828 3387 943 3432 summa
964 3370 1085 3448 superni

233 3481 358 3556 ludicii,
382 3481 452 3544 dum
474 3482 564 3544 cerda
585 3498 679 3543 urens
699 3481 744 3542 vie
765 3479 850 3556 ignea
871 3479 982 3539 ameris
1343 3402 1347 3583 Ι

235 3591 299 3652 Uno
322 3591 382 3653 ictu
404 3590 550 3662 absolvat,
574 3589 654 3670 qued
672 3589 778 3668 jussus
800 3586 915 3650 solvere
937 3587 1034 3656 debet.
1344 3590 1347 3603 ¹

237 3700 413 3780 Quicunque
430 3701 485 3770 ,hic
505 3699 642 3762 ambulat
686 3697 745 3760 Sed
767 3706 800 3759 ut
821 3706 867 3759 est
888 3697 1048 3764 sententie.
1070 3687 1158 3760 neme
1343 3612 1347 3751 i

237 3807 319 3900 Vitae
341 3809 517 3872 emendabat
537 3809 644 3872 veteris
666 3807 820 3870 malefacta
842 3806 1009 3885 precanum
1343 3760 1347 3859 i

109 3973 113 3991 ‚
185 3930 220 3981 tu
237 3918 370 3997 Namque
392 3918 453 3980 lieu
475 3919 654 3980 immensum
675 3917 847 3998 seiunxerat
867 3915 1050 3978 intervalium

239 4027 388 4089 Orantem.
430 4029 469 4090 At
490 4047 560 4092 rere
582 4027 673 4088 tantis
695 4025 823 4088 obducta
843 4023 975 4086 tenebris

236 4135 318 4197 Dicta
339 4153 446 4206 mcana
466 4135 538 4198 mihi
561 4155 599 4198 ne
621 4134 745 4198 uhfinna
768 4143 847 4196 certa
868 4143 981 4212 putare,

236 4243 271 4306 ni
293 4245 377 4325 prius
400 4247 429 4309 id
451 4247 572 4316 doceat.
597 4263 673 4324 quae
694 4245 745 4308 iux
766 4245 855 4306 micat
877 4244 955 4304 inter
975 4251 1128 4320 utramque

236 4353 304 4415 Veri
326 4355 475 4433 animique
498 4355 591 4417 facem
614 4353 721 4416 nestri.
764 4356 859 4432 Atque
882 4352 930 4414 iric
953 4353 1072 4420 neecin
1094 4369 1131 4412 an
1153 4351 1232 4412 istud
1346 4329 1348 4441 J

163 4550 762 4572 --—-------‚--—-
732 4547 961 4558 ------—
963 4547 1154 4554 ---—-—-
1158 4505 1348 4566 uxi
