3124 5170
548 473 742 525 tnrbabuntur
759 475 803 526 nt.

72 510 75 555 l

71 558 76 721 l

132 706 164 757 to
180 693 308 754 Obscuri
332 692 515 773 inspiciunt;
538 693 632 754 aciem
656 701 685 755 et
705 693 815 772 figebat
835 703 990 776 utramque

181 803 330 883 Quisque,
354 821 445 865 senex
468 811 500 863 ut
520 811 604 864 sutor
626 821 697 864 acus
720 803 749 864 in
772 812 860 866 tenue
882 805 1026 869 foramen.

179 911 263 974 Haud
286 912 373 974 aliter
393 912 446 988 tali
468 930 523 974 nos
544 912 709 991 vestigante
731 919 857 986 caterva,

71 1018 75 1151 ι
180 1023 226 1084 bie
249 1021 370 1102 quidem
392 1021 553 1086 adveniens
574 1023 670 1095 novit,
692 1022 842 1103 limboque
863 1024 1023 1104 prehendit

71 1158 75 1281 Ι
181 1132 277 1194 Vestis
301 1143 345 1194 ot:
369 1130 430 1205 Ob,
452 1132 576 1194 monstri
601 1132 673 1212 quid
693 1129 749 1193 tu?
770 1133 915 1194 clamavit.
958 1135 1014 1198 Ubi
1037 1136 1088 1198 itte

133 1253 164 1306 tt
179 1241 324 1304 Bracchia
346 1259 393 1304 mo
417 1249 519 1314 contra
541 1241 707 1322 protendit,
730 1242 821 1320 figere
844 1243 929 1324 coepi

179 1352 313 1413 Intentos
335 1350 440 1413 oculos
461 1350 613 1413 bominem
635 1361 752 1414 coctum
775 1352 843 1430 igne
864 1371 1031 1432 pererrans,

180 1461 269 1523 Uetus
291 1469 325 1522 ut
346 1469 485 1546 aspectus
506 1460 605 1522 minus
626 1461 706 1523 buno
728 1461 887 1526 defendere
910 1462 1033 1543 quisset,

72 1508 76 1649 ι
182 1571 262 1645 Quin
283 1569 444 1632 internorit
464 1578 585 1632 nostrae
598 1571 650 1652 ‚vis
673 1572 793 1634 conscia
814 1572 940 1635 mentis:
1057 1595 1059 1602 ’

180 1681 399 1760 declinansque
421 1699 541 1743 manum
563 1681 598 1742 ad
621 1681 732 1743 vultum
754 1681 849 1754 illius,
873 1700 924 1744 ore
946 1684 1069 1746 resolvi:

134 1799 165 1850 tt
180 1791 237 1852 liic
258 1801 302 1864 te,
324 1790 497 1864 bonumne,
521 1788 670 1853 invenio?
692 1791 775 1853 Tunc
796 1791 861 1853 ille:
884 1792 1040 1856 Molestum

180 1900 223 1962 Ne
245 1899 301 1962 tibi
323 1899 377 1971 sit,
401 1899 459 1971 lili,
481 1899 613 1980 paullum
634 1900 760 1979 vestigia
780 1909 860 1962 retro

180 2011 213 2073 Si
235 2017 333 2072 tecum
356 2011 414 2072 lert
433 2011 623 2082 Bnonerrus,
646 2029 735 2092 quem
756 2019 852 2074 vestra
873 2012 978 2074 Lurnu

182 2120 274 2184 Terra
295 2129 396 2193 vocat,
419 2119 622 2200 reliquamque
645 2120 717 2182 sinit
736 2122 901 2201 procedere
922 2120 1048 2183 turbam.

223 2229 270 2291 lili
292 2247 362 2308 ego:
387 2229 429 2290 Te
450 2247 520 2292 vero
542 2229 574 2290 id
594 2231 733 2310 precibus
754 2229 918 2312 majoribus
941 2249 1004 2292 oro.

135 2353 165 2406 tt
183 2339 271 2414 Quod
293 2339 320 2401 si
343 2341 419 2400 forte
442 2337 527 2420 cupis
548 2357 597 2400 me
619 2348 717 2402 tecum
738 2341 795 2402 bac
816 2340 915 2402 sidere
937 2340 1012 2419 ripa,

77 2398 81 2526 l
181 2449 215 2514 ld
237 2449 360 2522 faciam,
383 2450 453 2511 dum
475 2449 525 2511 isti
547 2449 678 2530 placeat,
701 2468 827 2530 quocum
849 2449 893 2512 iro
915 2467 1039 2512 necesse
1061 2457 1116 2512 est.

225 2559 251 2621 0
274 2558 339 2632 illi,¹
357 2559 492 2640 quisquis
515 2559 653 2621 subsistit
674 2561 711 2621 de
733 2577 821 2639 grege
842 2567 946 2621 nostro

182 2668 234 2732 Vel
255 2667 426 2741 minimum,
449 2669 535 2744 dixit,
560 2677 702 2732 centenos
723 2670 870 2750 procubat
890 2687 993 2742 annos,

184 2779 263 2853 Quin
287 2787 377 2859 queat
397 2777 536 2841 obnitens
557 2779 695 2841 manibus
716 2779 877 2860 probibere
898 2777 1022 2840 inrides.

74 2916 76 2951 ι
135 2905 167 2956 te
183 2890 282 2963 Quare
303 2887 313 2949 i
336 2905 425 2968 pra03
447 2888 512 2969 ipso
533 2889 611 2952 latus
632 2889 781 2968 stringens
803 2907 926 2970 sequar,
949 2897 1039 2968 atque
1061 2897 1207 2950 catervam

182 2998 296 3061 Deinde
316 3013 413 3060 meam
434 3007 567 3080 repetam
589 3017 691 3072 cursu,
714 3017 768 3061 sua
790 2999 896 3060 demna
919 2997 1067 3060 dolentem

73 3166 76 3215 Ι
182 3110 319 3174 letardo.
362 3108 448 3170 Haud
469 3127 517 3171 me
539 3108 655 3172 animus
677 3109 858 3170 descendere
882 3107 958 3170 calle
979 3107 1105 3204 sinebat,

73 3222 76 3301 J
183 3217 221 3280 Ut
242 3215 355 3298 pariter
376 3218 530 3296 graderer3
553 3219 668 3282 cervice
690 3227 720 3280 at
741 3236 868 3280 cernuus
890 3217 979 3290 ibam,

74 3370 76 3397 ,
183 3329 279 3408 Atque
301 3326 471 3390 observanti
493 3327 610 3390 similis.
654 3329 730 3390 Tum
751 3327 859 3390 talibus
880 3327 959 3388 iniit:

136 3456 167 3510 ⁴5
184 3437 267 3510 Quae
289 3456 355 3498 sors
377 3447 429 3500 aut
449 3438 539 3499 latum
561 3446 629 3500 ante
652 3447 811 3500 extremam
834 3438 947 3500 iuuenis
967 3438 1071 3499 boram

183 3547 226 3608 'de
248 3546 316 3608 tulit
337 3543 418 3610 buc?
441 3547 586 3620 Quisnam
607 3549 680 3621 iste,
702 3548 779 3610 viam
802 3547 853 3629 qui
874 3555 1021 3610 monstrat
1041 3541 1146 3607 eunti?

224 3657 301 3718 Huic
323 3674 394 3736 ego:
417 3658 502 3738 Apud
524 3659 656 3738 Superos
679 3659 793 3720 iruerer
815 3677 881 3719 curn
903 3657 969 3720 luce
991 3673 1105 3728 serena,

183 3766 352 3847 Respondi,
374 3766 479 3828 vallem
502 3767 606 3830 deveni
629 3767 750 3841 devius,
774 3775 841 3829 ante

74 3896 75 3907 ¹
183 3876 279 3950 Quam
301 3895 421 3938 cursum
442 3877 520 3938 ritae
541 3879 661 3958 plenum
684 3877 848 3939 coniecerit
869 3885 961 3938 aetas.

136 3997 167 4050 bt
181 3984 257 4047 Huic
277 4003 365 4048 mane
388 3986 529 4049 hesterno
551 3987 633 4050 solus
655 3987 725 4049 dare
747 3995 830 4064 terga
851 3985 1017 4048 studebam.

183 4095 314 4176 Cumque
335 4093 435 4157 redire
457 4096 528 4159 illuc
551 4097 731 4178 coepissem,
754 4096 804 4158 bio
824 4105 960 4176 tempore
981 4095 1013 4156 in
1035 4094 1086 4156 illo

74 4232 76 4253 ι
181 4203 297 4278 struit,
320 4213 410 4285 atque
432 4204 551 4268 domum
572 4226 628 4287 per
649 4207 754 4270 callem
775 4207 855 4268 bunc
875 4225 924 4268 me
946 4205 1013 4285 ipse
1032 4203 1158 4267 reducit.

223 4314 253 4376 is
274 4315 365 4376 mibi:
389 4314 460 4388 Ubi,
483 4316 562 4395 quod
585 4317 642 4379 iter
662 4325 807 4380 monstrat
828 4324 879 4378 tua
901 4315 1001 4389 stella,
1024 4311 1168 4392 sequens,

74 4410 76 4421 '
181 4423 296 4486 Nobilis
318 4423 398 4486 baud
419 4425 531 4505 poterit
551 4435 581 4488 te
603 4427 698 4490 lamae
720 4425 957 4506 raderamnus,
