3124 5170
563 462 757 516 ruruuueuuu
775 466 819 516 Χῖ.

142 691 174 744 eu
190 683 348 756 Insistam,
373 680 580 762 quodcumque
602 681 673 744 velit
693 683 826 757 lorluna,
843 694 970 765 narolus

191 794 323 873 Carpere
344 791 417 866 iler3
440 808 537 870 neque
559 791 639 853 enim
660 810 755 854 nouus
778 793 899 856 auribus
921 796 1049 859 arrhabo
1070 799 1183 862 nostris

191 902 303 982 Surgit„
346 904 384 965 dl
403 901 472 982 ipsa
493 918 565 962 suos
588 900 676 964 orbes
699 903 832 976 somma,
854 903 1001 970 bubulcus

190 1013 251 1076 Pro
271 1011 366 1074 iubilo
388 1019 488 1074 verset
508 1017 633 1074 melros.
655 1045 697 1060 -
718 1011 795 1074 Tum
816 1021 929 1078 vertere
950 1014 1058 1079 mdam

191 1122 374 1201 Praeceptor
394 1121 529 1184 dexlrem
547 1131 643 1194 rouo,
666 1128 698 1184 el
718 1137 767 1184 me
789 1122 955 1202 respicere,
977 1133 1067 1205 elque
1088 1127 1145 1190 hos

144 1239 176 1293 ed
192 1231 328 1294 Reddere
350 1230 460 1292 deinde
481 1248 591 1294 sonos:
613 1230 694 1292 Bene
716 1229 743 1292 is
765 1231 863 1304 audit,
887 1233 937 1312 qui
959 1242 1043 1298 notat
1063 1255 1135 1300 aure

191 1340 346 1420 Pereeptn.
389 1340 475 1402 Haud
497 1349 595 1402 lamen
616 1339 892 1404 intereasermone
912 1361 1019 1422 rogare

190 1451 372 1512 Bnonnrrou
395 1449 509 1512 absisto
531 1449 633 1512 soeios
654 1449 712 1510 hoe
734 1466 854 1514 oaroere
876 1449 1005 1527 clausos,

192 1561 327 1633 Quorum
349 1560 426 1622 lama
448 1559 543 1638 megia
564 1559 670 1633 mieel,
694 1566 724 1621 el
746 1559 866 1622 tollatur
886 1559 918 1622 in
940 1562 1041 1626 ellum.

233 1669 264 1731 ls
285 1668 377 1730 milri:
401 1668 485 1733 Scire
506 1668 619 1732 honum
640 1676 688 1731 sel
708 1667 843 1750 aliquem
865 1670 1014 1736 laudabile
1034 1673 1134 1755 lingua

129 1793 174 1846 lou
190 1778 388 1842 Praeter-iisse
408 1778 499 1853 elios;
520 1785 566 1840 lul
586 1778 666 1842 enim
687 1797 735 1841 me
756 1778 879 1845 uomina
900 1781 1012 1846 lanum

191 1889 323 1970 Tempus
346 1889 497 1952 delineret„
541 1871 640 1963 Seilo,
663 1907 732 1952 esse
754 1907 789 1950 ex
810 1889 916 1953 ordine
938 1902 1073 1968 cunctos,

191 1999 245 2063 Cui
267 1999 378 2062 nudula
399 1997 470 2079 pilis
492 1997 599 2079 eapitis
621 1998 697 2061 eutis
720 1998 847 2079 explieat
869 1998 982 2076 orbem,

190 2109 300 2172 llullos
321 2107 456 2170 doelrina
478 2107 628 2187 insignes,
650 2125 818 2188 magnoque
840 2109 957 2186 decore,

190 2219 334 2300 Turpiter
354 2218 385 2280 in
408 2218 496 2280 lerris
517 2218 681 2281 maeulalus
704 2217 828 2281 erimine
850 2219 966 2282 eodem.

129 2335 173 2390 105
233 2328 287 2391 llla
310 2327 485 2390 Priscianus
507 2345 574 2390 oum
596 2327 681 2390 lurha
702 2327 830 2399 incedit,
853 2327 885 2390 in
906 2327 957 2392 illa
978 2339 1026 2393 esl

190 2439 298 2501 Editus
318 2439 445 2500 decunsr
465 2437 657 2500 demersere.
702 2437 831 2500 Cernere
852 2437 994 2518 quissem,

191 2549 223 2613 Si
247 2547 321 2610 milri
343 2565 413 2610 eura
435 2545 523 2627 hujus
545 2546 708 2627 pomiginis
729 2547 789 2611 ulla
811 2547 927 2622 luisset,

189 2657 292 2731 Illum,
317 2676 404 2738 quem
425 2659 536 2722 Servus
559 2675 712 2720 servorum
729 2657 863 2738 jusserat
882 2664 995 2722 nuum

190 2769 365 2830 Permutat·
387 2767 449 2828 oris
471 2767 627 2840 Retronis,
649 2766 701 2828 ubi
723 2767 800 2832 male
822 2776 925 2831 mneos

129 2886 175 2939 lle
190 2877 220 2938 la
242 2876 331 2957 liquit
351 2895 469 2940 nemos.
512 2877 706 2940 Memorarem
727 2877 830 2958 plura3
853 2886 884 2940 at
905 2878 995 2942 eundi

189 2985 324 3064 Longius
346 2994 376 3048 et
397 2987 479 3072 laudi
502 2985 626 3050 ulterius
647 3006 696 3050 me
717 2987 805 3068 eopia
827 2987 912 3066 lngil.

190 3097 326 3176 Namque
347 3114 456 3158 novum
476 3096 564 3159 rideo
585 3097 698 3158 lumem
721 3113 901 3176 consurgere
922 3115 1022 3171 arena,

190 3206 228 3268 Et
250 3223 324 3285 gens
346 3204 499 3279 adventat,
523 3225 649 3286 quaeum
670 3205 759 3268 simul
781 3224 848 3268 esse
869 3217 1011 3270 velamur.

191 3315 340 3378 Thesauri
362 3315 417 3379 libi
438 3335 510 3378 mura
531 3315 591 3378 mei
611 3315 654 3378 sil
674 3314 792 3388 sedula,
817 3316 847 3378 in
869 3315 921 3380 illo

128 3431 174 3484 115
189 3425 281 3489 Virus
304 3425 401 3488 adhue
422 3425 521 3505 spiro,
544 3443 640 3506 neque
662 3433 691 3487 te
714 3443 804 3488 orans
825 3425 911 3507 plora
932 3426 1082 3489 mombar.

76 3464 80 3611 Ι
233 3535 333 3614 ‘rorgo
354 3535 464 3598 deinde
486 3535 571 3609 dale,
594 3534 719 3613 vestigia
740 3536 877 3598 flammea
898 3535 988 3608 dexil,

77 3618 79 3711 l
192 3647 230 3709 Ut
253 3645 304 3725 qui
326 3646 460 3708 Veronae
481 3645 606 3708 tendum
627 3645 718 3708 celeri
740 3645 817 3724 pede
840 3663 959 3708 cursum

76 3730 79 3853 i
191 3757 251 3818 Per
272 3773 426 3836 eampum,
447 3753 551 3817 viridis
573 3763 721 3818 seruantes
743 3754 861 3818 vineere
883 3755 973 3835 panni

76 3862 79 3927 l
190 3865 344 3938 Praemia,
368 3872 399 3928 el
420 3883 455 3926 ex
477 3864 559 3938 ielis,
583 3864 631 3928 oui
653 3865 705 3926 dau
725 3865 847 3928 violeria
869 3865 987 3928 landem

76 3964 80 4119 ἶ
130 3976 282 4056 reuulsus
304 3983 368 4038 orel
388 3974 513 4047 similis,
535 3993 596 4038 non
619 3975 667 4038 oui
689 3993 744 4055 pes
765 3982 864 4038 neseal
885 3975 916 4038 in
938 3993 1022 4038 auso.
