3116 5162
569 437 762 490 tutnnaoatttt
781 439 799 491 l.

73 608 76 695 i
133 670 166 724 to
182 655 328 738 Quisquis
351 677 399 730 es,
421 669 471 720 ant
493 673 603 736 corpus
625 658 767 734 mortale,
790 667 842 722 ant
863 659 999 740 corporis
1021 661 1134 724 mnbra.

221 766 289 828 Non
312 785 423 846 corpus
445 766 586 841 mortale,
611 765 653 828 lui
676 767 734 830 hoc
751 767 815 848 jana
836 769 924 842 olim,
946 770 1054 852 incipit
1075 771 1135 844 ille,

180 876 227 938 lle
249 875 325 938 citra
347 875 470 938 Eridani
493 875 590 956 ripam
612 894 741 954 genuere
762 885 914 958 parentes.

180 984 356 1046 Ansomnmr
378 1004 472 1064 genus
494 985 557 1060 his,
581 1004 657 1066 qnos
678 986 797 1050 Mantua
818 987 942 1068 proutlit
965 989 1078 1052 ambos.

182 1095 318 1156 fflssnau
341 1095 397 1156 sub
419 1077 650 1170 Panno10,sed
672 1095 805 1158 nondum
826 1096 981 1178 principe,
1004 1098 1116 1178 primas

134 1211 165 1264 ts
181 1204 287 1266 Editus
309 1203 396 1266 hausi
419 1223 517 1266 auras.
559 1205 672 1266 Romae
694 1204 764 1266 dein
785 1206 843 1270 rita
865 1217 986 1288 peracta
1008 1218 1056 1272 est

75 1352 77 1391 ,
180 1314 243 1376 Sub
266 1313 332 1374 miti
356 1314 483 1394 imperio
505 1313 653 1386 Annum,
678 1333 737 1394 quo
760 1325 893 1395 tempore
916 1315 1009 1380 falsos

177 1423 399 1503 llendacesqne
420 1423 499 1486 lleos
520 1422 675 1484 hominnm
696 1441 781 1486 mens
802 1444 876 1488 vana
898 1425 1024 1489 colebat.

177 1534 274 1614 Atque
298 1533 382 1595 illum
401 1541 485 1594 rates
507 1531 619 1607 cecini,
639 1531 826 1613 justissimus
848 1553 926 1598 unns

76 1722 78 1735 Ι
180 1642 239 1716 Qui
262 1642 320 1704 luit
339 1642 470 1704 Anchisa
493 1653 595 1714 natus,
618 1643 668 1723 qui
691 1661 781 1721 regna
803 1627 910 1724 petivit

133 1765 164 1817 to
178 1753 269 1826 ltala,
290 1752 341 1814 ubi
364 1751 474 1837 Trojae
495 1752 605 1814 tasunn
627 1761 855 1832 consumpserat
875 1753 963 1832 ignis.

177 1864 215 1925 tt
237 1873 269 1927 tn
292 1881 346 1924 eur
368 1869 482 1924 mutum
502 1861 548 1924 ris
569 1879 674 1924 rursus
696 1861 779 1924 adire
799 1859 960 1924 laborem?

178 1973 239 2037 Gur
260 1972 379 2034 animus
400 1970 693 2052 refugit'jucuntlum
714 1971 859 2034 scandere
881 1980 1022 2048 montem,

75 2118 78 2151 .
172 2063 239 2157 'Qui
263 2089 354 2163 caput
376 2089 407 2145 et
428 2099 536 2144 caussa
558 2087 620 2154 est,
642 2099 696 2142 cur
718 2080 817 2142 omnia
840 2082 946 2160 gandia
968 2081 1121 2160 gliscunt?

220 2192 300 2256 lloic
322 2209 378 2272 ego
400 2191 558 2254 confessus
579 2189 711 2254 demissa
733 2192 830 2252 fronte
852 2191 1013 2270 pudorem:

75 2264 78 2343 l
131 2303 163 2356 ⁷⁵
179 2301 265 2364 Tune
287 2320 321 2364 es
341 2301 513 2374 Vincamus,
536 2308 607 2362 tune
629 2300 752 2365 eslans
774 2299 825 2361 ille
846 2298 980 2380 sophiae,

73 2398 78 2484 i
179 2411 264 2476 Unde
286 2411 354 2474 nott
374 2411 486 2472 tlumen
507 2405 646 2472 motum?
660 2409 693 2472 '0
715 2407 789 2472 mihi
811 2408 905 2488 gloria
927 2418 1035 2483 vatum,

74 2499 77 2609 i
178 2521 204 2586 0
226 2517 386 2603 splendor!
409 2518 547 2582 Studium
568 2517 642 2582 mihi
665 2518 787 2598 longana
807 2518 905 2598 prosit
925 2536 1068 2600 amorque

177 2631 318 2711 Magnus,
341 2647 400 2710 quo
423 2627 610 2710 impellente,
631 2635 714 2692 mum
736 2628 892 2708 quaesisse
913 2628 1052 2693 volumen

75 2792 76 2815 ,
176 2742 225 2804 lle
248 2742 354 2804 fateor.
397 2738 471 2802 llihi
492 2745 526 2800 tn
547 2756 580 2802 es
602 2748 795 2818 praeceptor,
819 2746 849 2802 et
870 2748 989 2814 auctor,
1012 2750 1043 2802 et
1063 2757 1150 2813 unus,

130 2856 163 2910 aa
177 2851 263 2914 llnde
285 2849 394 2929 stylum
415 2847 530 2930 sumpsi
552 2847 724 2929 pulchrum,
748 2865 807 2928 quo
830 2858 877 2910 est
897 2847 992 2927 gloria
1012 2857 1108 2932 parta.

178 2958 390 3040 Contemplare
412 2957 520 3032 lerant,
545 2975 602 3038 qua
623 2955 818 3038 propulsante
840 2958 953 3037 relogi3

74 3134 76 3147 ,
177 3069 263 3132 lianc
285 3075 389 3130 contra
410 3067 462 3130 det
483 3085 587 3146 opem,
610 3065 752 3146 Sapiens,
775 3073 824 3130 ma
847 3068 965 3148 cognita
986 3068 1089 3144 virtus,

73 3186 76 3263 ξ
176 3179 253 3242 llam
274 3178 348 3242 lacit
368 3177 428 3240 ista
448 3175 537 3249 milti,
561 3183 595 3240 ut
614 3157 707 3240 ienae
728 3176 892 3257 pulsusque
915 3177 1097 3242 tremiscant

73 3350 75 3363 ,
220 3287 306 3350 Tunc
328 3285 379 3350 obi
401 3305 450 3350 me
471 3285 546 3349 vidit
565 3285 787 3358 lacrimantem,
809 3286 885 3348 haec
906 3285 1002 3348 edidit
1021 3286 1087 3353 ille:

72 3372 76 3493 i
130 3411 161 3468 aa
175 3399 280 3478 Longe
301 3397 452 3460 diversum
473 3393 529 3457 tibi
551 3403 670 3476 oportet
691 3413 815 3476 carpere
837 3395 951 3468 callem,

73 3496 76 3531 ¹
176 3506 210 3570 si
233 3507 293 3570 rita
315 3505 460 3569 incolumi
481 3505 525 3570 ris
547 3504 628 3568 saltn
648 3522 802 3586 emergere
823 3505 860 3567 ab
881 3505 958 3582 isto,

175 3617 312 3698 Namque
335 3615 398 3679 iera
418 3614 574 3688 maenis,
597 3633 686 3696 quam
708 3622 812 3678 contm
834 3614 970 3694 supplice
993 3615 1104 3680 damas

72 3720 75 3803 Ι
175 3728 272 3799 Voce,
296 3723 410 3789 obsidit
429 3725 501 3800 iter,
523 3743 581 3788 neo
601 3725 661 3786 lert
681 3741 837 3805 erumpere
860 3743 1048 3806 quemquam,

176 3837 312 3917 Tamque
334 3835 386 3898 (liu
409 3833 545 3907 obsistit,
569 3834 667 3916 quoad
689 3841 804 3898 sternat
825 3853 953 3914 corpora
975 3834 1050 3902 leto:

132 3960 162 4014 to
176 3948 273 4027 Atque
295 3964 330 4008 ea
352 3953 476 4008 naturae
497 3943 543 4004 vis
565 3952 612 4006 cst
631 3943 761 4009 violenta
783 3942 939 4023 malignae,

177 4056 216 4120 llt
236 4055 352 4118 rabiem
373 4054 486 4117 ventris
508 4072 660 4134 nunquam
682 4053 816 4128 satiarit,
839 4063 870 4115 at
890 4055 953 4118 acri
1066 4115 1075 4130 ,

179 4165 251 4228 Post
271 4171 392 4245 pastum
413 4163 543 4244 ingluvie
565 4162 709 4226 lanosios
730 4171 852 4244 appetat
873 4181 983 4226 escam.

179 4273 325 4356 Coniugio
346 4272 398 4336 illa
421 4271 542 4354 quidem
563 4271 622 4335 sibi
643 4271 735 4336 multa
756 4272 895 4336 animalia
913 4273 1021 4359 jungit,

180 4381 267 4448 Plora
289 4382 380 4446 etiam
398 4383 518 4465 junget,
542 4381 639 4446 donec
661 4381 744 4446 canis
767 4382 862 4446 irruat
882 4363 1070 4462 atque'taane

71 3998 74 4053 ι

71 4060 75 4151 l

72 4186 75 4313 l

71 4358 74 4417 t

71 4446 74 4539 i
