3136 5164
244 369 417 730 [346--
718 426 900 478 runcanouu
918 425 1016 476 xxiiii.

367 647 485 710 Amisit·
504 679 547 692 -
568 645 665 708 Veluti
687 643 825 707 adductus
845 641 969 720 vestigia
991 641 1103 722 plantis

368 755 499 820 collecta
520 755 550 818 in
574 755 714 817 choream
735 755 824 816 uerfit
843 760 976 814 matrona
997 761 1172 826 retrorsum,

367 867 482 946 Virque
503 867 580 946 pede
602 873 671 926 ante
691 864 799 944 pedem
822 861 921 943 posito
943 863 1110 926 accessisse
1131 863 1263 926 uidetur:

317 991 352 1047 ao
370 975 422 1039 Sic
444 975 524 1038 iuter
545 975 636 1036 dores
659 983 803 1053 ostroque
825 989 959 1052 auroque
980 973 1125 1034 micantes

367 1086 412 1148 Ad
435 1103 483 1148 me
505 1101 649 1146 conuersa
671 1091 727 1156 est,
748 1093 790 1154 ut,
814 1100 891 1161 quae
912 1083 1014 1161 defigit
1035 1081 1161 1144 honeste

369 1195 493 1258 Lumina
513 1192 606 1262 humi,
628 1192 720 1270 virgo,
741 1191 893 1271 voluitque
915 1191 1034 1271 expiere
1055 1197 1227 1271 rogantem3

368 1303 443 1368 Nam
465 1305 509 1367 sic
530 1302 665 1374 sesessit,
688 1301 777 1364 dulce
797 1309 830 1364 ut
851 1300 1040 1364 modulamen
1062 1302 1152 1364 iniret

369 1416 474 1486 nores,
497 1420 586 1492 atque
608 1429 713 1474 omnes
735 1409 851 1474 dederit
872 1427 1056 1489 cognoscere
1077 1429 1191 1493 voces..

319 1531 353 1589 aa
369 1527 406 1587 at
428 1523 552 1585 simulac
573 1521 664 1593 venit,
683 1519 809 1603 jucundi
829 1517 882 1582 uhi
904 1521 1036 1582 fluminis
1057 1504 1155 1583 undae

369 1635 500 1696 lrrorant
521 1631 640 1704 herbas,
664 1631 781 1709 dignata
804 1639 850 1692 est
872 1629 978 1692 toliere
1000 1609 1124 1692 ruitum.
1230 1657 1238 1668 ·

369 1739 455 1805 Haud
477 1741 582 1803 oculos
604 1741 694 1802 credo
715 1739 823 1801 Veneri
844 1739 986 1802 micuisse
1008 1739 1104 1802 nitore

370 1853 476 1925 Tanto,
500 1864 567 1912 cum
589 1858 707 1930 praeter
728 1849 848 1911 solitum
870 1849 945 1911 haec
966 1867 1000 1912 se
1022 1849 1145 1913 uulnere
1166 1851 1228 1912 nati

370 1962 542 2024 districtam
564 1959 668 2022 sensit
711 1959 820 2021 Dextra
842 1959 958 2021 ridebat
980 1959 1010 2021 in
1033 1975 1086 2022 ora

320 2085 354 2140 eo
372 2071 527 2152 Opposita,
549 2069 686 2132 manibus
709 2068 875 2149 decerpens
896 2069 986 2130 multa
1009 2068 1144 2130 colorum

371 2179 472 2254 diitlia,
496 2197 572 2260 quos
594 2177 672 2240 alma
694 2177 800 2242 emittit
821 2177 887 2240 siue
908 2177 1023 2240 semine
1043 2177 1144 2241 teitus.

415 2290 490 2353 Tres
511 2290 591 2351 circa
612 2307 721 2368 passus
743 2287 913 2368 sejunxerat
933 2288 1031 2350 omnis
1052 2295 1211 2368 utrosque,

372 2399 435 2462 Nec
455 2415 547 2474 mare,
570 2399 650 2478 quod
672 2417 771 2460 mersa
792 2397 894 2460 titulos
916 2396 1040 2460 deduxit
1060 2396 1097 2460 ab
1119 2397 1214 2473 Helie,

373 2509 543 2589 Traiectum
564 2508 663 2583 Xerxi,
686 2508 803 2570 frenum
825 2507 1002 2587 cuicumque
1023 2507 1156 2594 superbo

322 2627 356 2686 td
372 2619 459 2682 Nunc
480 2635 609 2698 quoque,
632 2625 744 2681 tantum
767 2617 829 2678 odii
850 2625 897 2678 est
917 2633 1049 2697 passum,
1071 2617 1224 2680 ulterioris
1245 2637 1349 2683 amore

372 2728 475 2807 Ripae,
498 2746 515 2788 a
536 2727 674 2790 Leandro
696 2727 807 2790 Seston
830 2735 982 2806 spectante
1004 2733 1035 2787 et
1055 2726 1188 2808 Abydon,

374 2839 525 2911 Quantum
545 2835 596 2898 hic
617 2855 635 2897 a
655 2852 703 2898 me
725 2837 832 2910 omnis,
855 2836 936 2916 qnod
958 2853 1019 2898 nou
1041 2837 1188 2917 patefacta
1210 2838 1346 2902 dedisset

374 2941 460 3009 Tunc
481 2946 538 3009 iter
557 2945 637 3008 unda
658 2941 741 3007 mihi.
762 2946 887 3008 -Vos
910 2946 960 3009 hic
981 2965 1056 3009 nera
1077 2955 1200 3027 pectora
1221 2949 1344 3024 adestis,

374 3057 427 3119 lita
451 3056 500 3131 ait,
523 3063 552 3118 et
573 3056 685 3129 forsan,
708 3055 789 3134 quod
809 3073 857 3118 me
879 3056 936 3118 hac
957 3057 1072 3118 uidistis
1094 3056 1125 3119 in
1147 3077 1208 3132 ora,

325 3179 359 3232 ⁷⁰
377 3166 459 3239 Quae
480 3166 565 3246 prius
586 3164 733 3228 humanae
754 3174 878 3228 naturae
899 3165 994 3228 electa
1015 3165 1135 3246 patebat

377 3276 481 3348 Sedes,
503 3275 658 3348 ridentem,
681 3275 857 3338 mirantibus
879 3271 991 3338 insidet
1013 3295 1125 3357 anceps

377 3385 454 3448 Cura
476 3385 589 3466 aliqna3
612 3393 641 3446 at
661 3386 783 3447 veniunt
804 3403 821 3447 a
843 3385 974 3448 carmine
996 3385 1161 3448 Delectosti

378 3493 511 3569 Lumina,
535 3513 610 3574 quae
631 3492 758 3558 nebulas
779 3501 908 3575 possunt
929 3494 1080 3576 depellere
1101 3505 1210 3560 mente.

421 3604 447 3666 0
470 3612 510 3678 tu,
533 3603 584 3684 qui
605 3604 721 3666 cunctis
743 3605 848 3678 anteis,
872 3605 1007 3666 scitarier
1027 3623 1126 3678 orsus,

328 3728 361 3782 75
377 3715 453 3776 Fare
474 3731 538 3792 age,
559 3713 586 3776 si
609 3713 681 3793 quid
701 3713 747 3774 vis
768 3713 864 3788 atiud3
886 3733 953 3776 nam
975 3715 1091 3777 solvere
1114 3733 1259 3796 praesens

318 3901 325 3918 ι
378 3823 462 3896 Veni,
484 3823 583 3902 quoad
604 3823 678 3886 satis
700 3841 768 3886 esse
790 3841 868 3896 reor,
891 3840 1096 3906 quaecumque
1116 3825 1247 3903 rogabis.

378 3931 521 4012 Lympha,
545 3932 675 4012 inquom,
697 3934 888 4013 nemorisque
909 3953 1003 3996 sonus
1024 3935 1098 3996 mihi
1118 3945 1242 4014 pectora
1262 3953 1363 4017 pugna
1485 3976 1487 3989 ·

378 4042 535 4120 usagium
554 4042 749 4123 minuuntque
770 4044 870 4116 tidem,
892 4062 970 4124 quae
991 4043 1156 4108 increverat
1176 4054 1260 4121 antea
1484 4024 1487 4061 ⁸

380 4151 455 4215 Nam
476 4169 564 4215 secus
584 4151 737 4214 audieram
757 4154 834 4228 deri,
856 4173 891 4218 ac
912 4155 993 4236 quod
1015 4173 1085 4217 vera
1105 4164 1288 4219 monstres.

329 4273 365 4328 eu
422 4261 476 4324 ltu
499 4261 586 4324 mihi:
610 4261 720 4334 Dicam,
742 4279 802 4344 quo
823 4273 909 4344 pacto
931 4263 1012 4328 haud
1033 4265 1134 4327 evenit
1152 4264 1233 4328 istud

380 4371 501 4452 absque
523 4390 578 4434 sua
600 4389 716 4447 caussa,
739 4373 819 4454 quod
841 4381 923 4436 tanto
944 4375 1035 4438 corda
1057 4383 1182 4456 surpere

261 4544 880 4584 ι--·--------ι------------------
