3124 5170
518 466 711 518 inflandum
729 467 828 518 mill.

132 701 160 754 15
178 688 231 750 Cui
253 705 301 750 me
323 684 496 759 credebam,
519 685 576 748 sim
598 693 715 764 eaptus,
738 684 846 758 deinde
866 695 1048 766 perempnis,

177 799 282 859 Dicere
304 815 365 858 non
387 815 464 875 opus
486 802 541 858 eet.
586 794 646 856 Sed
668 813 744 874 quae
766 795 820 858 tihi
843 797 960 874 cognita
981 797 1082 860 ioman

177 907 261 970 llaud
284 913 406 986 patuere
426 921 557 984 unquam
579 904 685 977 lando,
708 923 797 984 quam
819 905 932 968 scilieet
952 914 1035 968 atrox

178 1016 364 1096 Supplicium
386 1015 492 1078 mortis
514 1014 604 1078 neria
624 1013 712 1086 mihi,
731 1013 793 1093 iarn
816 1015 882 1094 ipse
902 1015 1025 1089 videbis,

177 1127 228 1199 Et,
252 1145 323 1188 num
345 1125 401 1188 sim
423 1125 537 1196 laesus.
560 1132 592 1186 tu
613 1123 712 1186 disces
735 1123 858 1186 crimine
879 1124 915 1186 ah
938 1125 1006 1187 isto.

130 1246 161 1297 aa
218 1235 303 1298 Rima
324 1235 463 1314 adaperta
484 1232 583 1296 brevis
606 1231 766 1296 tenebroso
788 1234 818 1294 in
842 1234 969 1296 narreris
991 1242 1084 1306 annu,

179 1347 231 1408 dni
253 1345 356 1407 titulus
378 1361 432 1422 per
452 1363 501 1406 me
523 1343 609 1406 lamia
632 1351 691 1416 eal,
713 1341 766 1404 uhi
788 1341 906 1406 clausus
928 1352 1045 1422 oportet

178 1454 304 1518 Ultimus
326 1453 403 1516 haud
427 1453 547 1526 luerim,
569 1452 642 1514 milri
661 1452 724 1532 jam
745 1471 799 1531 per
820 1460 909 1516 tenue
930 1453 1064 1516 foramen

177 1566 354 1626 llonslraral
374 1563 477 1642 plures
498 1561 600 1634 lunas,
622 1562 698 1624 mala
720 1562 835 1624 somnis
856 1579 924 1624 num
944 1581 992 1624 rne

179 1674 344 1754 deperent,
366 1690 421 1751 per
442 1690 518 1750 quae
539 1671 684 1734 velamina
705 1672 800 1734 scissa
822 1671 912 1734 luturi

130 1795 161 1847 25
179 1785 254 1847 Sunt
275 1782 359 1844 mihi.
402 1782 432 1846 ls
454 1781 588 1844 hortator
608 1779 806 1862 dominusque
828 1789 873 1843 est
894 1783 975 1844 visus
997 1783 1111 1856 adesse,

178 1896 274 1974 Atque
297 1893 400 1972 lupum
422 1900 451 1953 et
473 1891 585 1954 caldos
607 1890 645 1952 ad
666 1891 776 1952 montis
798 1891 917 1954 trudere
939 1891 1041 1964 salus,

180 2005 246 2078 Quo
268 2004 355 2066 Pisae
377 2003 515 2082 apposito
536 2001 732 2081 prohibentur
754 2017 876 2062 cernere
897 2002 1036 2064 Luaearn.

180 2117 253 2178 Cum
275 2112 398 2174 rannus
418 2111 542 2184 macris,
564 2111 722 2184 studiosis,
744 2119 834 2190 etqua
855 2111 974 2184 notans,

179 2224 254 2286 Prae
277 2242 311 2286 se
333 2223 517 2294 durannus,
540 2229 570 2282 el
591 2238 658 2282 cum
680 2221 795 2299 agnaine
816 2221 1028 2283 Srsrrnrnonurr

132 2343 164 2396 ³⁰
179 2335 242 2396 Una
262 2333 454 2394 Lrnrnaneos
476 2331 507 2392 in
530 2330 624 2408 prima
646 2331 742 2392 lrnnte
763 2331 883 2392 lunarat

179 2444 243 2506 lam
263 2461 354 2522 parre
377 2439 496 2519 elapsas
517 2440 612 2518 spatio
634 2448 779 2520 natasque
801 2447 972 2519 penemque

181 2553 309 2614 Cernere
330 2550 529 2622 cratianus,
553 2558 583 2610 et
603 2549 697 2612 acutis
719 2549 857 2612 dentibus
879 2556 961 2614 artus

181 2661 267 2724 Findi
289 2660 347 2724 his.
390 2661 464 2724 Cum
486 2659 627 2735 evigilans
649 2666 742 2728 ῑοῑιιεἸ
766 2659 897 2722 nondum
915 2659 1020 2739 jubare
1042 2665 1117 2730 uun,

182 2772 272 2834 Natos
294 2787 365 2831 enee
385 2787 483 2842 mens,
506 2769 628 2832 ederent
648 2769 698 2848 qui
720 2767 751 2830 in
773 2785 890 2830 waere
911 2787 1037 2840 meeum,

135 2889 167 2942 ³5
181 2882 297 2958 Lngere
319 2881 349 2940 in
372 2880 485 2942 somnis
508 2879 620 2952 audiri,
643 2896 678 2942 aa
699 2895 824 2956 pnsnere
845 2897 961 2958 panem.

224 2991 299 3054 llere
321 3008 355 3052 es
376 2988 521 3061 crudelis,
544 2990 570 3050 si
587 2989 649 3069 jam
669 2987 830 3067 prohibere
851 2987 985 3050 dolorem

183 3101 264 3172 Sais,
287 3107 561 3179 repulsurum,
585 3099 665 3178 qnod
688 3115 740 3160 ear
760 3117 809 3160 me
831 3096 1088 3168 tristemonelra13

182 3210 219 3272 Et
240 3210 267 3270 si
288 3228 349 3271 nun
370 3208 471 3286 luges,
494 3225 638 3287 quaemm
659 3217 688 3270 le
711 3226 816 3272 causes
837 3206 947 3270 ridebit

181 3315 368 3397 Lugentem?
389 3317 499 3396 Elapso
521 3317 616 3380 subal
633 3317 694 3402 jun
717 3317 844 3397 quisque
866 3335 984 3396 sopore,

134 3437 167 3488 sn
181 3430 394 3508 Atqrreprope
416 3428 626 3500 demadem,
650 3447 708 3508 qua
731 3426 818 3490 nohis
840 3444 908 3490 esca
931 3424 1047 3488 solebat

180 3537 314 3610 Adduci3
337 3546 366 3600 at
386 3536 524 3600 dubitans
547 3557 600 3602 sua
623 3537 738 3600 somnia
760 3537 887 3617 quisque
909 3537 1031 3610 limem

182 3645 255 3708 Cum
278 3647 376 3708 subito
398 3646 494 3709 andivi
518 3647 687 3711 claudentes
710 3647 836 3710 stridere
858 3647 954 3710 alares

183 3757 278 3818 Turre
301 3756 357 3818 snb
378 3756 525 3818 horribili.
568 3757 666 3831 Quare
687 3757 775 3820 simul
797 3775 849 3818 nra
869 3773 1004 3818 menmm

184 3867 323 3939 Quaesivi
345 3865 423 3928 haud
445 3867 577 3930 hiscens.
621 3867 686 3930 Nnn
708 3867 832 3938 flebam,
855 3866 894 3928 ita
916 3883 1023 3928 saxeus
1045 3865 1124 3926 inlus
1151 3897 1156 3908 ·

134 3983 167 4036 45
183 3977 290 4038 Factus
312 3993 402 4038 eram.
445 3976 601 4050 illidere,
623 3995 767 4056 mensque
788 3977 982 4038 Menenius
1004 3975 1114 4056 inquit:

184 4085 233 4146 Sic
255 4085 376 4158 haeres,
399 4095 497 4165 pater,
520 4086 640 4160 obertu,
663 4087 734 4166 quid
754 4094 853 4150 mdnle
874 4084 1013 4150 volutas?

183 4194 319 4258 Lacrima
340 4195 421 4259 nulla
441 4195 514 4258 milri
535 4205 649 4269 umen,
674 4203 704 4258 el
724 4215 779 4258 vox
800 4197 878 4260 edita
891 4197 978 4260 ›nnlla
1001 4204 1047 4259 est

183 4305 257 4367 Tuta
279 4304 329 4368 illa
351 4303 466 4370 labente
489 4306 552 4378 die,
575 4306 622 4368 vel
643 4313 731 4368 noan
752 4315 906 4386 sequenle.

183 4413 284 4476 ilonea
304 4434 391 4478 mane
412 4435 488 4480 nava
509 4417 555 4480 sol
577 4416 643 4480 lnce
665 4417 837 4496 impleverat
858 4415 970 4480 orbern
