3142 5166
556 423 737 476 nonnarum!
755 423 822 476 xvii.

190 643 321 706 Prorsus
342 639 496 704 desierint.
538 641 629 704 ilenti
651 643 760 706 deinde
781 643 899 725 impluit
919 643 995 708 allae

190 753 234 816 lle
256 769 346 815 eruce
368 752 413 814 vir
433 752 579 832 pendens,
601 753 677 814 fixus
699 753 805 826 fronte,
829 771 881 815 ore
904 754 1052 835 superbus

191 862 235 925 nc
255 863 348 936 ierus,
371 871 402 924 et
422 862 490 925 talis
512 861 668 925 claudebat
688 861 800 924 lumino
820 872 926 925 morte.

233 972 322 1034 Hunc
343 971 423 1034 cirea
443 972 542 1051 magni
563 971 703 1053 majestas
724 974 871 1047 Assnrnr,

144 1094 176 1149 25
192 1081 289 1162 Atque
310 1081 434 1143 Esrnes
447 1081 574 1161 coniux,
597 1089 627 1143 et
648 1081 887 1144 servantissimus
909 1083 997 1163 nequi

192 1191 412 1254 llannocsanns
436 1201 509 1264 erat,
531 1199 591 1253 tem
612 1189 712 1254 verbis
734 1191 857 1268 integer,
880 1199 977 1254 utre.

192 1304 290 1382 Atque
312 1301 387 1362 liaeo
408 1318 442 1360 se
464 1309 623 1380 postquem
644 1318 700 1381 per
721 1317 789 1362 sese
810 1299 891 1380 rupit
913 1301 1021 1378 imago,

192 1411 298 1474 Bullae
319 1412 422 1483 instar,
446 1411 482 1484 si,
506 1428 565 1490 quo
587 1411 620 1471 lit
641 1409 767 1487 turgida,
790 1409 890 1472 deficit
910 1411 1026 1478 humor.

159 1503 160 1506 Ἴ
195 1521 324 1585 Cernere
346 1520 428 1582 visus
450 1539 530 1581 eram
552 1518 742 1581 simulacrum
763 1519 849 1582 triste
871 1520 988 1600 puellae

145 1638 178 1690 au
192 1632 278 1694 Altos
300 1629 416 1692 edentis
437 1629 575 1706 gemitus,
598 1645 634 1692 eo
655 1627 723 1690 talia
744 1629 849 1691 lende:

194 1743 264 1814 Cur,
287 1740 432 1802 suadente
454 1739 508 1812 iro,
530 1737 648 1800 voluisti
670 1755 809 1818 rumpere
830 1739 929 1815 uitam,

195 1850 221 1912 0
243 1849 357 1928 regina,
378 1846 481 1910 tuem?
524 1849 568 1909 Te
590 1847 744 1921 crstinxti,
766 1848 893 1928 perdere
915 1856 1013 1910 naum

194 1960 271 2023 llum
293 1957 383 2036 iugis.
425 1957 471 2018 En
492 1958 582 2020 modo
605 1975 681 2032 sum,
703 1958 883 2033 molendini
905 1959 1027 2039 perdito,
1051 1966 1081 2022 ct
1102 1959 1167 2040 ipse

194 2069 325 2132 Alterius
347 2086 419 2148 prae
440 2075 536 2129 morte
558 2076 638 2130 tuam
661 2066 782 2130 Livrnrr
805 2067 902 2147 ploro.

147 2182 179 2237 ³5
195 2179 234 2243 Ut
255 2177 334 2240 solet
348 2176 489 2256 'nbnrmpi
512 2193 645 2246 somnus,
667 2176 694 2238 si
717 2175 816 2238 clausa
837 2185 963 2258 repente

195 2289 322 2352 Lumina
343 2285 485 2367 percellat
505 2304 581 2348 nora
602 2285 662 2359 lux,
684 2294 772 2365 atque
794 2296 860 2350 onte
882 2295 983 2350 nature

195 2399 330 2472 Fractns,
354 2413 443 2477 mem
460 2395 603 2458 occiderit
623 2403 719 2458 totus:
742 2397 786 2458 sio
808 2395 919 2459 decidit
940 2395 1037 2458 andex

195 2508 326 2586 Fingere
347 2505 393 2567 ris
413 2505 533 2577 mentis,
556 2505 680 2568 simulac
700 2505 750 2566 lux
771 2507 898 2586 percidit
920 2525 981 2578 oro,

198 2617 330 2681 Candida
351 2615 419 2695 plns
441 2623 545 2678 nostro
569 2633 657 2695 qnam
679 2633 773 2678 more.
817 2615 880 2695 Ego
904 2616 1021 2680 volvere
1041 2615 1135 2692 risus,
1231 2611 1233 2622 '

147 2735 181 2788 sn
199 2727 282 2801 Quos
304 2724 499 2798 devenissem,
522 2725 650 2804 eupidns
672 2741 854 2802 cognoscere
877 2726 975 2800 sedes,

200 2839 274 2900 Cum
296 2855 352 2897 vor
374 2833 472 2896 audite
495 2842 557 2896 est:
579 2833 636 2897 llio
657 2843 703 2896 est
724 2836 918 2910 adscendere,
941 2836 1010 2910 latr,

200 2946 285 3021 Quae
307 2963 406 3025 genus
422 2961 510 3006 omne
532 2943 613 3006 eliud
636 2961 772 3008 curarum
795 2965 812 3007 e
835 2946 925 3008 corde
947 2945 1087 3008 removit:

200 3056 335 3135 Tamque
357 3054 485 3116 alacrem
508 3071 556 3116 me
578 3054 659 3135 cepit
679 3073 772 3128 amor,
794 3055 884 3118 verba
905 3056 963 3117 ista
983 3054 1115 3118 locutum

199 3165 362 3246 Respicere
383 3183 419 3226 ac
440 3163 528 3235 seire,
551 3173 581 3227 at
602 3183 754 3244 nunquam
777 3165 941 3228 consistere
963 3165 1067 3238 discat,

150 3281 184 3336 45
199 3275 304 3338 Donec
326 3291 394 3336 eum
415 3274 555 3336 offendet.
598 3274 659 3336 Sed
681 3275 766 3347 sicut,
790 3275 854 3338 sole
875 3283 1015 3352 gramme

199 3384 339 3447 Nostram
361 3383 464 3457 eciem,
487 3383 576 3446 nimis
598 3385 695 3446 elluso
718 3385 769 3464 qui
789 3383 901 3446 lumine
923 3383 1002 3447 celat

201 3493 245 3557 0s
267 3493 341 3556 sibi:
364 3511 425 3556 non
447 3512 535 3556 secus
556 3494 607 3555 hio
628 3494 721 3556 virtus
741 3513 789 3556 me
810 3502 871 3557 tota
893 3493 1023 3574 reliquit.

242 3603 300 3666 llio
321 3607 368 3664 est
389 3603 426 3666 de
447 3603 581 3684 Superis,
604 3605 655 3685 qui
677 3611 792 3683 sponte,
816 3612 957 3684 precante
979 3621 1076 3683 neque
1097 3603 1169 3676 ullo,

199 3717 346 3779 Monstrat
367 3713 423 3775 iter
442 3721 566 3787 rectum,
589 3717 615 3775 si
638 3714 705 3794 quis
727 3713 789 3776 vult
810 3713 962 3787 scandere,
985 3713 1067 3787 dixit,

150 3839 184 3893 co
200 3823 328 3886 Lumine
350 3839 443 3902 seque
464 3841 520 3885 suo
542 3823 707 3886 abscondis
750 3824 833 3887 llere
855 3824 947 3886 utitur
966 3821 1018 3885 illo

199 3931 375 4004 Nobiscum,
398 3950 458 4011 qno
481 3933 609 4013 quinipre
630 3933 689 3995 sihi
710 3935 823 3997 servire
843 3931 967 3996 laborat.

200 4041 278 4105 Nem
300 4040 327 4102 si
349 4041 416 4121 quis
438 4053 537 4104 manet
559 4050 701 4117 orantem,
724 4043 775 4125 qui
797 4043 879 4106 norit
900 4050 1036 4121 egentem

201 4151 290 4215 Hono
312 4151 379 4231 opis
401 4169 469 4214 esse
490 4169 572 4226 suae,
594 4161 653 4215 stat
673 4154 764 4216 corde
785 4171 894 4232 negare
914 4152 1044 4232 maligno

202 4261 320 4324 Certus.
364 4261 450 4324 Nunc
471 4269 553 4324 tanto
576 4271 711 4343 aptemus
734 4263 879 4325 suadente
899 4262 1036 4324 ministro

153 4389 185 4444 ss
201 4371 333 4434 Plantas.
355 4379 387 4435 et
406 4389 464 4434 nos
486 4371 576 4436 ardor
596 4381 663 4452 agat
684 4391 835 4455 superare,
858 4373 1031 4453 priusquam
