3124 5170
301 449 362 514 124
722 449 914 500 INFERNORde
932 449 1019 500 ΧΧΧΙΙ.

365 673 459 733 dures
481 669 635 748 depastum
657 667 727 740 fuit,
749 667 827 728 houd
849 668 946 728 minus
969 687 1063 748 usqne
1085 669 1225 732 deorsum

364 779 474 842 Dedris
496 776 605 850 oculis,
628 777 714 839 dixit:
738 776 797 838 Gur
818 783 896 838 tanto
918 777 1025 856 cupido

315 899 348 954 bt
366 891 416 954 Sic
439 907 493 950 nos
515 883 683 948 lustrandi?
706 887 738 947 Si
760 887 833 948 istos
855 894 887 947 tu
909 887 986 948 scire
1008 885 1134 960 iabores,

364 999 531 1062 Possedere
554 995 640 1058 ambo
663 994 783 1067 vollem,
805 995 961 1074 Byzantius
984 997 1078 1058 amnis

364 1109 448 1172 Unde
470 1107 551 1169 fluit:
574 1113 657 1186 pour
678 1105 724 1166 bis
746 1105 922 1178 dunsnrns3
945 1112 973 1166 et
993 1106 1195 1170 unionmnfer

365 1219 435 1298 ipso
457 1224 558 1279 ventre
580 1223 661 1276 satos
684 1215 715 1276 in
736 1213 856 1276 luminis
878 1214 971 1276 edidit
992 1233 1087 1276 aures.

365 1327 514 1414 vestigare
535 1333 621 1404 potes
644 1324 733 1385 totius
754 1323 846 1384 fustra
869 1323 987 1396 Crinas,

314 1451 349 1502 od
365 1437 430 1498 Non
452 1443 550 1498 tamen
572 1433 704 1496 invenies
728 1431 822 1512 culpis
846 1432 1011 1509 insignibus
1035 1442 1149 1496 aueum

367 1545 504 1610 Umbrum
524 1561 690 1605 marmoreo
712 1560 796 1621 muge
818 1542 935 1619 diguam
958 1543 988 1603 in
1011 1543 1120 1620 frigore
1142 1545 1210 1622 figi3

364 1658 430 1719 Non
452 1654 546 1726 iilam,
568 1671 673 1714 manue
694 1653 823 1714 furonis
844 1652 892 1714 eui
913 1660 1017 1730 pentus
1040 1662 1070 1714 et
1090 1653 1223 1716 umbram

365 1767 429 1829 Uno
452 1765 511 1825 ictu
533 1761 621 1841 rupit.
665 1761 731 1822 Non
751 1761 799 1823 his
820 1762 1006 1835 Psomcou,
1028 1780 1088 1824 non
1110 1763 1158 1824 bis

366 1875 424 1937 iste
447 1881 493 1934 est
514 1871 656 1944 deterior,
679 1871 769 1932 modo
792 1871 842 1950 qui
864 1889 911 1932 me
934 1872 1095 1952 sincipite
1117 1871 1241 1944 umbrat,

315 1991 349 2046 dt
367 1984 495 2046 Cernere
516 1990 550 2043 ut
570 1979 693 2044 uiterius
715 1999 874 2060 nequeam
897 1999 984 2060 quem
1006 1982 1126 2042 nomine
1149 1982 1250 2045 dieunt

366 2095 503 2156 Susonnrr
525 2091 729 2153 Miscssnour.
773 2089 806 2151 Si
829 2109 862 2152 es
884 2090 1005 2168 sanguis
1025 2091 1192 2162 hetruscus,

366 2204 412 2266 Tu
433 2219 551 2282 quoque
574 2201 641 2280 quis
665 2199 753 2262 fuerit
770 2199 832 2280 jem
854 2200 924 2262 sois.
968 2200 1005 2261 iit
1025 2199 1116 2262 muita
1137 2200 1248 2281 profari

364 2314 408 2378 Ne
429 2332 477 2375 me
499 2313 574 2372 forte
595 2311 713 2386 adiges,
736 2325 791 2386 ego
813 2327 893 2383 sum,
917 2309 1026 2388 inquit,
1049 2310 1252 2372 Crurumoruu

364 2423 407 2486 De
427 2423 534 2484 Pszzrs
558 2428 600 2492 et,
623 2420 673 2498 qui
692 2427 798 2500 purget
819 2438 884 2482 meo
907 2419 1001 2499 turpis
1022 2421 1106 2493 frou,

314 2534 517 2597 doemonum
538 2547 654 2592 moneo.
675 2563 716 2574 -
738 2529 812 2592 Dein
834 2528 893 2590 uidi
915 2528 996 2592 milio
1017 2529 1139 2592 caninos

365 2643 488 2720 Frigore
510 2640 660 2702 deformes
681 2638 790 2701 vuitus.
835 2639 933 2712 Quare
955 2640 1064 2700 horreo
1086 2647 1175 2710 totus,

366 2753 490 2831 Semper
510 2757 540 2811 et
561 2748 705 2821 horrebo,
727 2749 823 2825 gelida
847 2749 918 2810 vnde
940 2767 1026 2811 seren
1048 2757 1146 2812 oruste

366 2862 439 2924 Cum
461 2858 589 2937 relegam
610 2865 719 2920 monte.
762 2858 799 2919 fu
820 2858 964 2932 medium,
988 2876 1047 2938 quo
1070 2869 1175 2921 nuncu
1196 2861 1362 2932 trabuntur.

367 2971 460 3045 Queis
482 2967 592 3048 aliquid
614 2967 764 3043 gravitatis
786 2967 878 3039 inest,
901 2967 971 3030 dum
991 2968 1090 3047 planu
1111 2968 1237 3048 petebat,

315 3085 348 3138 75
364 3081 402 3142 Et
422 3079 494 3142 mibi
517 3079 545 3140 in
568 3087 688 3140 aeterno
710 3075 895 3156 trepidabunt
917 3077 1025 3154 frigore
1046 3078 1192 3151 membru

364 3189 409 3252 bn
429 3207 515 3252 mens
537 3189 581 3250 sie
602 3187 717 3250 tulerit.
740 3207 793 3248 seu
816 3187 906 3250 fotum
929 3205 1045 3261 sorsve,
1069 3188 1180 3250 referre

364 3299 532 3372 Neminem,
555 3298 625 3370 sed,
648 3298 717 3360 dum
741 3297 868 3376 sopitum
891 3297 967 3358 inter
988 3303 1077 3358 strete
1098 3297 1251 3360 merebam

364 3408 497 3481 Planus,
520 3406 675 3488 eujusdam
697 3405 807 3468 offendi
829 3405 905 3485 pede
928 3405 1042 3468 fortiter
1063 3425 1124 3468 orn.

366 3518 419 3580 ilie
442 3519 517 3580 bone
539 3534 586 3577 rue
609 3516 809 3576 contradens
830 3532 934 3577 nocem
956 3523 1076 3595 pertore
1099 3517 1192 3595 rupit:

314 3636 349 3690 8⁰
366 3628 463 3702 Quare
483 3645 532 3688 me
554 3621 678 3686 tundis?
700 3625 763 3686 Nisi
785 3624 905 3686 multem
926 3624 1148 3686 bfonrrssrsnrr

365 3736 493 3799 Advenis
515 3743 670 3806 aucturus,
694 3733 764 3814 quid
786 3751 849 3806 me,
872 3734 998 3808 furiose,
1022 3733 1169 3798 incessis?

409 3847 504 3924 Atque
526 3862 595 3922 ego:
618 3844 677 3906 Fae
698 3861 817 3906 maneos
840 3843 889 3906 bio
908 3863 971 3917 me,
994 3853 1186 3924 praeceptor,
1209 3845 1246 3908 ab
1267 3845 1327 3908 isto

367 3957 442 4018 lium
462 3953 534 4016 mibi
556 3953 718 4026 solvantur,
742 3951 830 4016 dubis
853 3971 928 4032 quae
949 3963 1047 4016 mente
1068 3954 1202 4028 revofr03

366 4066 404 4128 m
424 4083 471 4126 ms
492 4082 547 4144 pro
569 4063 689 4126 arbitrio
711 4063 835 4143 posthae
856 4080 1016 4143 properare
1034 4063 1165 4144 jubebis.

316 4181 349 4238 85
407 4175 471 4236 Dux
493 4173 588 4247 stetit3
610 4181 699 4253 etque
721 4189 775 4249 ego
798 4173 895 4235 adbuc
915 4172 989 4236 dure
1011 4173 1163 4237 moledicte
1186 4175 1316 4236 vomenti

365 4283 444 4348 Dixi:
469 4283 544 4358 Quis
565 4291 610 4356 tu,
633 4281 708 4346 elios
730 4282 823 4346 audax
843 4283 994 4345 incessere
1015 4281 1156 4364 probris?

407 4393 517 4474 unque
538 4411 587 4466 es,
610 4412 644 4466 o,
668 4393 717 4473 qui
739 4391 821 4466 otiis,
845 4411 921 4473 quos
943 4393 1017 4456 boec
1037 4395 1195 4456 nurerum
1217 4393 1336 4465 otendit,
