3142 5166
78 4448 82 4565 l

563 421 744 476 enuntianti
763 412 820 474 lix.

83 601 87 650 Ι
130 655 176 708 lut
192 641 275 706 Unus
297 643 355 704 iter
374 641 489 704 mansis
510 641 687 715 confecerat,
710 651 740 704 et
760 661 836 704 nova
858 642 928 704 lune

192 751 246 815 Vix
266 752 345 816 bene
365 751 527 832 prodierat,
551 767 618 813 eum
640 753 733 826 sensi,
756 770 843 832 quain
866 760 966 830 gravet
988 751 1071 813 illum

192 861 366 924 Pontificale
387 861 489 932 decus,
513 860 563 940 qui
585 859 647 922 linai
670 862 800 924 unmune
821 861 899 924 tueri

94 997 98 1006 ·
192 971 259 1032 llos
280 971 389 1042 studet,
412 978 442 1031 et
462 987 535 1049 pree
556 969 615 1032 isto
637 970 824 1050 quantumvis
846 970 966 1051 pondus
987 970 1157 1034 habendum

192 1079 251 1142 Pro
273 1079 384 1160 pluma.
427 1080 530 1152 Doleo,
553 1097 601 1142 me
622 1080 808 1160 poenituisse
830 1097 964 1142 meatum

132 1189 308 1263 tisserius,
330 1187 403 1252 heu!
427 1207 553 1252 monum.
597 1191 633 1252 At
654 1189 779 1252 simulac
799 1188 873 1252 mini
896 1189 1021 1269 contigit
1043 1190 1085 1252 nti

193 1300 316 1362 Munere
337 1299 462 1362 Romani
483 1297 626 1372 Pantaenis,
650 1299 747 1379 eoepit
768 1299 868 1361 ‘inanis

194 1409 258 1472 viia
279 1417 383 1489 patera
403 1408 493 1470 mihi:
516 1409 613 1470 didici·
631 1427 692 1470 nen
713 1427 805 1488 posse
828 1410 928 1488 quiete

193 1517 260 1580 lllie
281 1517 371 1580 enada
392 1517 460 1590 lrul,
472 1536 544 1580 nnn
565 1517 643 1579 ultra
664 1518 788 1580 tendere
810 1537 930 1580 sursum

193 1627 270 1689 Essa
291 1627 393 1688 datum
415 1635 528 1690 nataae
550 1625 701 1690 conclusis
723 1627 816 1690 innita
837 1627 931 1701 vitae3

133 1748 178 1803 llo
195 1737 295 1811 Quare
317 1736 406 1816 hujus
428 1755 475 1798 me
498 1736 578 1817 sapit
599 1755 700 1820 amor„
735 1738 791 1800 llis
812 1737 956 1800 terminus
977 1735 1083 1808 haesit,
1206 1791 1208 1796 .

193 1847 262 1910 llus
280 1865 376 1926 usqua
398 1845 498 1908 infelix
518 1847 639 1926 aupeuis
656 1854 775 1910 semota
795 1848 918 1927 lleeque

193 1958 276 2021 llaee
298 1955 394 2018 anima
416 1955 524 2018 erravit
543 1957 663 2030 misere,
684 1975 784 2020 rarum
805 1957 937 2019 omnium
959 1975 1061 2030 avana3

194 2067 289 2140 Nune,
311 2073 346 2128 ut
366 2073 397 2128 et
417 2067 482 2145 ipse
504 2066 595 2139 videa,
619 2065 676 2128 hie
690 2083 782 2146 sogor
801 2065 934 2146 pendere
956 2085 1092 2146 poenam.

194 2175 250 2238 llic
272 2175 343 2256 quid
365 2175 504 2239 avarities
526 2176 624 2250 laniat,
646 2193 744 2258 poena
765 2176 877 2238 indinat
897 2176 964 2238 illas

132 2300 179 2354 ut
194 2287 370 2367 Expurgans
392 2285 514 2360 animas,
539 2305 613 2366 quiae
634 2285 819 2366 poenituisse
840 2285 970 2351 dolendo

195 2397 334 2467 Constat,
358 2413 414 2458 nec
434 2403 515 2458 totus
537 2403 718 2458 mrmeutum
731 2395 871 2458 atrocius
893 2395 952 2456 isto

194 2506 281 2569 Mons
303 2505 408 2580 balaat3
430 2513 460 2567 et
480 2506 566 2568 sieut.
581 2523 641 2568 nou
663 2523 732 2568 sese
753 2507 864 2568 arrexit
882 2506 912 2567 in
935 2505 1025 2567 altuni

194 2615 303 2678 Nostra
326 2615 416 2687 acies,
438 2615 534 2678 ‹letiaa
555 2614 630 2688 sela,
654 2615 697 2678 sie
719 2614 850 2678 numinis
872 2615 916 2677 ira

194 2725 280 2788 tuan
300 2724 379 2786 hane
399 2725 430 2786 in
450 2731 530 2787 terra
551 2725 664 2788 mersit
708 2725 775 2797 Qua
797 2743 881 2786 more
902 2724 1050 2787 bonorum

82 2842 85 2900 Ι
135 2848 181 2902 m
195 2835 268 2898 Auri
289 2834 354 2896 (lira
375 2833 471 2897 tames
492 2842 666 2898 annotatum
688 2833 828 2896 exstinxit
848 2851 989 2906 emerem,

196 2944 281 3007 Unda
302 2943 388 3006 labar
409 2944 495 3007 lusus
517 2945 626 3008 falstra
647 2945 735 3025 parit,
757 2945 816 3007 hoe
837 2951 919 3007 tenet
941 2963 1055 3024 aequus

195 3055 290 3118 ludex
313 3054 444 3136 captivos
466 3054 642 3136 plantasque
664 3071 831 3133 manusque
852 3053 1001 3116 revinctos

195 3164 259 3228 Nos
279 3163 345 3239 hie;
368 3183 516 3244 quamque
536 3165 587 3228 (liu
608 3165 667 3228 lert
687 3179 787 3240 regem
806 3163 886 3244 justa
906 3163 1010 3236 libide,

197 3273 270 3337 'lam
292 3291 349 3336 nes
370 3273 486 3336 immoti
507 3293 542 3338 ae
562 3275 698 3355 pratensi
719 3281 799 3336 stare
817 3273 967 3355 jubemur.

134 3395 180 3451 125
239 3383 357 3463 Paplite
380 3384 570 3448 constituam
591 3385 668 3446 ilsxo
691 3384 805 3463 farique
826 3390 964 3463 palatus3

197 3493 236 3556 lt
256 3493 380 3557 simulas
401 3494 497 3575 coepi,
519 3503 607 3574 atque
629 3495 656 3556 is
678 3499 792 3556 tuntum
813 3500 949 3556 senserat
970 3509 1039 3555 auae

196 3604 222 3667 t
243 3623 291 3666 me
312 3604 371 3666 hoe
392 3603 585 3684 obsequium:
610 3605 702 3677 Quae,
725 3603 831 3684 inquit,
854 3609 884 3666 te
905 3619 1009 3666 caussa
1033 3602 1162 3664 volutum

196 3712 436 3777 trunitanus?
457 3745 499 3760 -
520 3713 660 3795 llajestas
682 3723 780 3777 vestra
801 3712 969 3792 gradusque

196 3824 524 3905 Supremusmentem,
547 3843 622 3904 quae
642 3824 717 3888 reati
739 3823 935 3895 esttamen,
958 3839 1061 3884 mensu

133 3942 180 3998 1³⁰
196 3933 389 4014 impulerant,
411 3933 482 3996 dixi.
507 3965 546 3980 -
569 3934 661 3997 Crura
682 3935 773 4014 erige,
796 3933 919 4012 surgite,
943 3931 1050 3994 lauteri

195 4042 374 4122 Respondit.
417 4043 462 4105 Na
483 4061 563 4117 erra,
587 4037 687 4107 tenum
709 4061 872 4106 conservus
894 4042 1011 4121 etipse

196 4151 270 4214 Sum
288 4152 454 4232 mistusque
476 4153 553 4229 aliia,
578 4153 687 4234 quibua
709 4154 835 4234 imperat
856 4171 913 4216 una
935 4159 1077 4234 potestas,

194 4261 337 4324 llattliaei
360 4262 387 4326 si
408 4281 539 4344 unquam
561 4264 708 4326 sententia
729 4264 811 4328 venit
831 4263 868 4325 ad
890 4281 976 4325 auras

196 4371 306 4434 Sancta
328 4380 414 4436 tatas:
439 4373 525 4448 Quae
545 4391 600 4436 nee
620 4374 741 4448 ualeat,
765 4373 814 4446 ait,
837 4375 902 4452 ipse
923 4371 1038 4435 videbis

1096 4469 1154 4524 tt*
1255 4469 1259 4476 “
