3136 5164
561 387 743 448 eunnanosu
762 389 861 440 xxxin.
1193 387 1256 454 265

194 605 262 669 Non
284 610 359 680 era't3
383 617 471 685 utque
492 611 603 668 stenem
623 605 778 679 medicum,
801 607 941 689 uelisque
962 609 1119 671 videndum

148 725 177 778 tu
194 715 241 778 die
263 717 348 788 dudd
372 708 514 778 luceae!
534 714 607 776 llein
629 733 701 794 prae
724 733 757 777 se
778 715 917 778 incedere
935 716 1025 796 jussit

194 823 385 906 septemplex
406 842 513 904 agmen
534 830 638 885 tntum.
681 825 897 887 Tantummodo
919 834 991 887 nutu

193 935 299 1014 lisque
320 933 486 1012 ducemque
508 933 567 1010 egit
587 940 657 1012 pon
678 951 720 1006 se,
742 934 934 1014 Smemnque
955 944 1133 1000 manentem.

236 1045 288 1106 Sic
309 1043 386 1119 ibat3
408 1043 461 1105 sed
483 1043 606 1103 humum
628 1041 743 1104 decimo
764 1043 842 1105 haud
864 1043 1012 1123 pressisse
1033 1053 1169 1124 putarem

193 1153 277 1216 lianc
297 1172 398 1233 passu,
422 1169 490 1214 cum
512 1151 615 1214 aculus
637 1151 732 1214 oeulis
755 1151 827 1214 mihi
848 1153 984 1232 perculit,
1006 1172 1101 1234 usque

148 1268 178 1322 15
194 1261 367 1342 Tranquillo
391 1260 510 1324 solvens
530 1260 626 1322 vultu:
649 1260 723 1334 nuc,
746 1261 794 1335 ait,
818 1261 996 1333 asistente,

194 1371 232 1434 Ut
252 1371 330 1433 hene
352 1369 519 1451 compositu
540 1369 670 1450 accipias
691 1388 758 1431 mea
778 1379 899 1450 pectore
921 1370 1012 1434 dieta!

236 1483 274 1544 lit
295 1480 383 1542 simul
405 1479 530 1555 accessi,
553 1487 586 1541 ut
606 1479 714 1552 decuit,
737 1479 781 1540 sie
802 1498 855 1542 ore
875 1479 972 1543 locuta
994 1489 1054 1544 est:

195 1591 256 1654 Cur
275 1608 391 1652 mecum
412 1590 536 1653 veniens
558 1588 633 1650 nihil
654 1587 746 1650 eudes
769 1588 878 1662 dicere,
900 1589 1014 1652 irater?

196 1699 316 1775 Quales,
340 1719 416 1780 quus
438 1699 562 1762 nimium
583 1714 742 1778 procerum
763 1697 930 1778 praesenlia
954 1700 1055 1778 tangil,

147 1817 181 1870 tu
194 1811 270 1872 Ante
292 1808 360 1871 illos
381 1802 437 1870 lani
458 1815 593 1870 mussant
614 1816 644 1870 et
664 1806 803 1870 dentibus
826 1785 918 1870 edunt

195 1919 306 1982 Vocem
327 1937 388 1981 uun
409 1919 519 1993 vivam3
542 1917 608 1980 talis
629 1934 775 1996 responsa
796 1917 898 1978 remisi

195 2029 374 2110 Imperfeeta
396 2046 486 2090 suun:
508 2028 566 2089 Fas
587 2034 634 2088 est
654 2025 711 2088 tibi
731 2043 866 2101 nascere,
889 2027 970 2100 ilina,

198 2139 277 2214 Quid
297 2155 364 2200 mea
384 2155 434 2200 nes
455 2145 569 2217 paseat,
592 2135 698 2216 quidve
719 2134 790 2196 huic
809 2135 904 2212 magis
925 2135 995 2198 utile
1016 2138 1111 2201 cedat.

239 2248 293 2310 iila
313 2247 403 2310 mihi:
424 2247 490 2310 lem
512 2246 603 2308 corda
624 2253 706 2308 metu
726 2243 898 2324 vultumque
919 2245 1035 2326 pudure

149 2359 181 2415 25
197 2358 320 2421 Solvere
341 2365 371 2418 te
388 2355 492 2438 juben,
513 2373 561 2430 ue,
584 2354 699 2417 somnia
720 2371 795 2416 vana
815 2354 943 2417 videntis

197 2467 280 2530 liure
300 2465 365 2540 viai,
388 2466 513 2546 posthae
534 2465 632 2528 mittas
654 2483 671 2526 e
692 2475 813 2544 pectore
834 2481 948 2528 vacem.

197 2578 295 2652 Disce,
317 2577 411 2638 luisse
432 2593 529 2658 neque
552 2593 619 2637 esse
641 2591 776 2653 usquam,
799 2574 878 2654 quud
900 2574 1006 2654 reptile
1027 2577 1108 2656 rupit

197 2687 271 2762 Vas3
293 2695 325 2748 at
344 2686 395 2767 qui
415 2685 511 2761 laesit,
532 2701 593 2746 uun
615 2683 793 2746 deterrerien
814 2685 873 2746 offe

197 2797 303 2860 lutrila
322 2797 391 2858 vino
413 2794 545 2874 supremi
565 2793 690 2856 vindicis
712 2793 787 2854 irem

150 2916 182 2971 tu
198 2906 314 2970 Credat.
358 2905 419 2967 Nee
440 2903 561 2981 longum
583 2904 698 2965 viduata
720 2903 849 2966 haerede
869 2903 998 2966 manebit

199 3017 283 3090 Quae
303 3015 432 3076 volucris
453 3031 567 3094 pennas
588 3012 624 3074 ad
647 3031 766 3075 currum
788 3012 927 3097 liquenal3
951 3014 1029 3075 unde

198 3125 298 3188 Evasit
318 3132 493 3196 monstrum,
515 3122 632 3186 labente
655 3139 690 3184 ac
711 3131 843 3202 tempore
865 3123 984 3202 praeda.

198 3235 272 3298 llam
292 3234 379 3298 video
401 3241 490 3308 certe,
512 3233 602 3313 idque
623 3233 699 3295 adeo
721 3249 857 3294 narrasse
875 3231 997 3312 juvabit,

198 3346 266 3407 Nou
288 3344 363 3406 adea
384 3343 472 3423 longe
494 3343 631 3405 ducenlia
653 3350 770 3420 tempus
792 3340 898 3404 abesse

151 3469 183 3524 35
200 3456 315 3527 Sidera,
337 3453 374 3516 ab
397 3454 514 3516 offensu
537 3451 640 3531 quavis
662 3458 750 3530 atque
773 3451 870 3532 objice
893 3459 971 3526 tuta3

201 3565 277 3639 Quo,
302 3581 375 3644 quae
397 3563 574 3644 quingentos
596 3571 753 3623 numerant
774 3568 803 3624 et
824 3562 955 3642 quinque
976 3562 1148 3648 decemque,

199 3675 299 3753 Signa,
321 3674 383 3735 ileo
404 3672 549 3758 mittente,
572 3670 694 3744 dabunt,
718 3671 769 3750 qui
792 3670 883 3734 caede
903 3671 1022 3734 necabit

197 3785 350 3864 Impurum
371 3782 586 3862 audentemque
609 3780 696 3844 simul
718 3799 778 3844 nen
799 3780 888 3844 landa
908 3780 1067 3858 gigantem.

199 3895 236 3956 st
253 3911 338 3955 meus
359 3891 409 3954 hie
431 3909 540 3965 sermo,
563 3899 596 3953 ut
617 3891 770 3954 Themidis
792 3891 994 3970 Spluingisque
1015 3891 1142 3972 loquela,

149 4008 183 4062 tu
198 4002 333 4075 diditus,
357 4001 387 4063 id
408 4001 461 4064 tibi
483 4002 559 4064 laute
580 4001 679 4063 minus
701 4000 825 4062 suadere
847 3999 963 4074 valebit,

200 4111 258 4187 Qui
279 4129 363 4174 more
385 4111 501 4174 illamm
522 4118 639 4174 mentes
659 4109 834 4189 ambagibus
856 4109 980 4173 umbrat.

199 4225 237 4283 At
256 4239 313 4302 pm
334 4220 496 4301 Najedibus
518 4240 587 4283 mox
608 4221 685 4282 lecta
707 4219 841 4299 aenigma
863 4220 1012 4282 resolvent

200 4332 264 4394 ilce
286 4332 401 4405 dunum,
425 4330 503 4394 nulla
525 4329 673 4411 pecudum
695 4331 870 4410 frugumque
893 4331 987 4393 ruina.

86 4432 690 4546 2-—
