3144 5164
581 415 716 494 cananis!
735 417 804 467 xxti.

82 471 84 485 Ι

81 497 129 535 r-
143 513 273 520 —------
621 511 674 518 -
893 503 1301 526 —⁴—--—---

82 542 83 555 i

81 581 84 644 Ι
189 638 282 700 Binae
305 637 345 698 ita
368 635 484 698 belluae
505 641 584 696 eant.
628 611 712 696 Eheu
735 634 888 714 patientia,
914 655 989 715 qnae
1012 647 1072 700 tam

128 753 173 808 125
189 748 250 810 ista
273 747 325 808 diu
348 743 477 826 pateris!
500 743 624 807 -Sed
648 744 736 806 verba
760 745 816 806 sub
839 745 895 806 ista
919 747 1064 824 gradatim

190 856 367 937 Complures
389 854 451 916 ridi
472 851 585 915 iaoulas
609 853 794 917 descendere
816 855 922 934 agique

191 967 320 1037 Circum,
343 964 463 1043 illisque
486 963 577 1024 decus
599 962 762 1024 renovabat
784 963 919 1042 singulus
941 965 1034 1026 orbis.

80 1124 83 1155 ,
191 1075 375 1138 circumiere
397 1073 485 1134 istam
509 1091 544 1134 ac
565 1080 713 1134 steterunt
734 1081 877 1153 mutoque
898 1093 1021 1136 srrsurrc

79 1160 83 1273 d
191 1185 361 1246 clamavere
384 1201 499 1255 omnes,
523 1189 557 1244 ut
578 1180 691 1243 nulium
714 1182 844 1263 quiveris
867 1183 915 1245 isti

79 1276 83 1379 ξ
129 1303 175 1356 ian
190 1293 305 1357 isthinc
328 1291 495 1354 assimilare
518 1309 643 1365 sonunr3
666 1309 722 1353 neu
743 1292 824 1354 venit
844 1294 881 1354 ad
905 1313 992 1355 aures

37 1449 39 1452 -
80 1422 83 1493 p
190 1403 355 1466 Verborum
377 1411 491 1474 cantus,
516 1411 598 1464 ianm
622 1411 782 1481 superante
805 1403 926 1465 tonitru.

80 1575 83 1605 l

80 1613 84 1812 1
674 1661 776 1745 xxii.

235 1840 334 1914 Quum
357 1847 418 1902 tnta
440 1840 576 1902 haereret
597 1840 671 1902 milri
694 1859 779 1902 mens
802 1859 946 1920 oppressa
970 1851 1102 1922 stupore,

192 1950 334 2024 Quaesivi
356 1950 522 2022 Dominam,
546 1967 622 2030 quae
643 1969 692 2012 me
714 1948 851 2023 ducebat,
874 1963 906 2012 nt
929 1951 1029 2012 inians

193 2059 376 2138 Coniugium
400 2077 528 2140 semper,
551 2077 611 2139 quo
633 2059 700 2140 pius
723 2058 862 2134 conlidit3
884 2068 914 2121 at
936 2059 985 2122 ilia

81 2157 84 2207 i
192 2169 286 2238 ilicet,
312 2175 343 2230 ut
364 2181 459 2231 mater
479 2185 624 2248 praesens
647 2183 822 2231 succurrere
844 2168 921 2249 proli
1024 2193 1025 2198 ¹

80 2294 84 2451 ἱ
159 2278 334 2351 nPaiiidae,
358 2279 517 2352 anhelanti,
542 2297 599 2358 qua
622 2279 752 2341 animum
775 2279 852 2340 solet
873 2279 993 2351 addere,
1017 2299 1097 2352 uoce,

193 2389 244 2450 Sic
265 2388 322 2450 ait:
345 2391 389 2450 iiu
411 2388 521 2461 nescis,
545 2397 574 2450 te
597 2388 674 2450 cneii
697 2388 805 2469 templa
828 2387 955 2450 tenere?

192 2497 371 2587 inunescis,
394 2487 529 2560 sancium
552 2498 714 2571 coelorum,
738 2498 883 2578 quidquid
905 2497 1015 2577 uirique
1037 2495 1109 2559 esti

194 2609 337 2687 Quaeque
359 2605 450 2670 isthic
471 2609 555 2674 dunt
578 2609 677 2670 studio
699 2608 764 2670 lieri
787 2609 885 2670 omnia
909 2606 1015 2670 recto?

194 2716 353 2794 Quomodo
376 2724 540 2779 concentus
561 2728 591 2780 te
613 2725 842 2780 transmutasset
862 2725 891 2780 et
912 2735 965 2779 ore

147 2840 177 2892 in
192 2828 227 2890 in
248 2834 353 2890 nostro
375 2827 465 2900 risus,
487 2845 567 2888 nunc
589 2835 636 2889 est
659 2826 712 2888 tibi
734 2829 846 2906 fingere
867 2836 975 2898 mente,

193 2938 225 3000 Si
248 2945 330 2999 tauto
352 2935 379 2998 is
401 2935 515 2998 clamor
535 2936 688 2998 concussit
708 2945 831 3016 pectora
852 2947 949 3000 motu:

191 3047 225 3109 in
248 3065 308 3128 qun
331 3046 357 3107 si
380 3046 517 3108 audisses
538 3065 659 3108 narnien
683 3063 840 3108 commune
861 3057 1044 3126 precantum,

191 3157 257 3219 Jam
280 3157 332 3218 tibi
355 3164 423 3218 nota
447 3158 534 3229 iuret,
558 3173 645 3236 quani
668 3173 784 3228 cemes,
807 3165 903 3218 morte
925 3157 1099 3237 priusquam

193 3265 372 3339 neaemias,
394 3283 532 3346 poenam.
578 3265 636 3338 Qui
659 3265 768 3327 isthinc
790 3273 848 3327 stat
868 3264 1017 3346 pendulus
1039 3267 1131 3339 enisis,

146 3390 174 3444 in
191 3377 259 3439 Nou
282 3376 353 3449 cito,
376 3393 433 3438 uec
455 3375 539 3438 tarde
561 3375 667 3448 caedit,
691 3393 747 3438 neo
768 3375 871 3437 iailere
895 3393 1074 3455 quemquam

191 3487 244 3549 Est
265 3487 383 3558 solitus,
406 3493 526 3566 praeter
546 3493 758 3565 properantum
783 3493 892 3565 optata,
914 3493 1084 3564 metumque

189 3705 265 3768 iiam
286 3703 373 3767 vaide
395 3705 527 3766 illustres
549 3705 674 3778 animas,
697 3705 722 3766 si
745 3704 856 3766 lumina
878 3712 992 3778 nostro,

191 3815 229 3878 Ut
250 3815 329 3888 dico,
353 3835 369 3877 a
390 3816 470 3877 vultu
493 3813 633 3887 abducas,
656 3815 769 3893 luigero
791 3813 915 3877 ridebis.

141 3945 174 3997 un
235 3925 271 3988 Ut
290 3925 387 3987 risum
410 3933 456 3987 est
477 3923 529 3997 ilii,
553 3923 667 4004 reliqna
689 3924 787 3987 omnia
810 3924 1016 4004 circumspexi,

188 4034 226 4096 Et
248 4041 367 4096 centum
389 4035 448 4095 ridi
470 4033 606 4112 globulos
628 4034 799 4114 splendere,
822 4034 970 4115 simulque
1309 3983 1313 4153 Ι

188 4143 327 4206 leuctris
349 4163 383 4206 se
406 4143 528 4206 alterius
550 4143 643 4205 radiis
665 4161 772 4205 ornare
794 4143 937 4206 vicissim.
1308 4164 1312 4323 ἱ

1307 4328 1311 4404 i

79 4392 81 4418 i
187 4363 359 4426 iiucronem
382 4363 535 4439 desiderii,
558 4381 615 4426 uec
635 4381 710 4426 roae
731 4381 838 4442 rogare

79 4518 704 4580 ;ffl„m‚-
722 4567 755 4574 -.
780 4567 807 4574 -
828 4407 1311 4573 -U

79 3170 82 3216 i

79 3378 82 3453 i

79 3474 81 3551 i

78 3558 81 3701 d
189 3597 322 3658 Poenam
345 3603 578 3692 exspectantum.
600 3629 643 3640 -
664 3597 717 3657 Ast
738 3594 811 3656 alias
830 3595 893 3675 jam
915 3595 1035 3674 suspice
1058 3597 1209 3672 dammas,

78 3828 80 3881 i

78 3917 81 3972 i

189 4254 309 4316 Stabant
332 4273 415 4315 mora
437 4254 491 4314 riri
515 4254 571 4316 sub
593 4253 684 4316 corde
705 4255 869 4333 prementis
891 4264 1008 4316 acutum
