3144 5164
305 399 367 464 386
759 399 893 450 redenis!
911 400 979 450 XXX.

1477 626 1479 655 Ι

372 619 446 681 Sese
469 617 649 692 effundebat,
669 618 752 680 risus
773 617 897 680 meliore
919 617 1022 680 dature

321 735 354 787 75
372 727 549 790 Condilione
572 727 641 788 lrni.
684 727 781 807 thue
803 727 884 789 illem
906 726 983 789 bibit
1003 735 1131 806 utraque
1156 727 1236 789 eirea

371 837 533 917 Palpebras
555 829 725 917 eugqmnde
747 855 839 910 meus,
863 837 908 898 sie
928 835 979 898 ille
1000 837 1128 898 rotunde

371 947 440 1008 Vise
463 947 535 1009 mihi
558 955 605 1008 cst
624 945 690 1008 lieri
712 946 840 1027 species,
864 964 939 1026 quoe
961 945 1048 1024 longe
1070 947 1199 1026 pnlebet

372 1056 495 1128 Deinde,
518 1057 613 1118 inster
634 1055 731 1135 gentis
754 1054 810 1118 sub
832 1055 912 1118 lurra
936 1063 967 1116 et
987 1055 1117 1134 tegmine
1138 1057 1214 1118 iulso

371 1167 474 1244 Longe
496 1165 646 1228 diversum
667 1165 838 1246 vultumque
859 1165 1052 1245 habitumque
1075 1166 1199 1227 terentis

321 1276 398 1340 eod
419 1275 527 1356 primo,
551 1275 577 1336 ii
600 1275 697 1336 eliens
718 1274 777 1336 sibi
800 1274 874 1336 hoec
895 1293 1025 1356 nuquam
1047 1285 1135 1336 eruet
1156 1293 1218 1346 ors,

373 1387 408 1448 ln
431 1385 539 1465 quibus
561 1385 670 1448 erosit:
693 1383 859 1457 eluderes,
884 1393 973 1464 etque
995 1383 1112 1446 invillne

372 1495 408 1558 ln
429 1495 542 1576 majore
562 1493 635 1556 mihi
657 1511 785 1574 pompae
807 1505 877 1556 sunt
899 1493 1005 1573 gaudie
1027 1511 1151 1571 versee3

375 1604 473 1678 Quare
495 1603 600 1666 enrhos
622 1603 699 1664 coeli
721 1604 805 1684 potui
826 1603 954 1666 lustrare
977 1603 1127 1666 cohortes.

418 1713 443 1774 0
465 1712 696 1786 lummene,
718 1731 774 1792 per
795 1731 883 1793 quam
906 1721 1042 1793 spectare
1064 1711 1246 1793 triumphum

324 1822 467 1901 selingui
490 1822 531 1883 mi
552 1822 637 1884 licuit
658 1823 729 1896 veri,
751 1823 809 1884 vim
832 1831 864 1885 tu
885 1824 950 1903 ipse
972 1822 1119 1896 ministre,

375 1931 420 2002 Ut
444 1931 562 2012 qualem
582 1932 663 1994 hunc
682 1933 753 2007 vidi,
775 1932 862 1995 telem
885 1931 1056 1994 describere
1075 1931 1176 1993 verbis

373 2041 458 2104 Nunc
479 2042 606 2122 possim.
649 2043 683 2105 ln
706 2043 791 2104 coelo
813 2050 859 2104 est
879 2042 989 2116 lumen,
1012 2042 1092 2121 quod
1113 2059 1238 2108 cernere
1260 2041 1353 2104 donst
1473 2116 1475 2139 Ι

378 2151 438 2213 Ore
461 2152 612 2214 Creatoris
635 2153 801 2232 cuicunque
822 2151 881 2213 hoc
902 2161 987 2232 petre
1010 2161 1119 2226 cresto,

377 2261 435 2335 Qui
456 2260 556 2334 modo,
578 2279 679 2323 amore
699 2261 802 2324 enidos
825 2261 945 2324 inhiens
966 2262 1037 2324 dum
1058 2262 1155 2342 poscit
1175 2261 1297 2342 inipso

252 2395 258 2475 p
325 2372 360 2424 ⁹⁰
377 2372 474 2445 Visus,
496 2388 570 2450 pace
593 2389 646 2432 sue
668 2370 791 2446 iruitur3
814 2371 894 2450 quod
917 2372 1026 2434 crescit
1047 2371 1078 2432 in
1101 2357 1195 2432 orbis*

376 2482 516 2544 Formam
537 2481 583 2542 eie
603 2480 705 2560 ampli,
727 2480 867 2543 Phoebea
889 2491 921 2542 ut
942 2481 1057 2562 lampas
1078 2481 1114 2544 ed
1136 2481 1215 2544 istud

375 2591 464 2652 Arete
486 2591 574 2652 ieret.
618 2588 769 2669 Quidquid
791 2589 880 2652 nobis
902 2599 949 2652 eet
970 2609 1093 2654 cernere
1114 2590 1146 2654 iu
1169 2590 1246 2670 ipso,

377 2699 504 2762 Tantum
525 2717 587 2762 uno
609 2698 841 2773 consecracio,
864 2719 953 2780 quem
973 2700 1086 2762 mobile
1107 2699 1237 2780 primum

376 2809 464 2871 Parte
487 2807 533 2870 sui
555 2825 670 2870 srunme
692 2817 857 2872 retrorsum
877 2811 981 2886 ileetit,
1002 2819 1033 2874 et
1054 2809 1125 2872 inde

326 2917 359 2972 95
376 2917 438 2978 Vite
462 2917 520 2978 sibi
542 2935 577 2978 ec
597 2917 692 2978 rirtus
712 2917 808 2992 renit3
831 2927 861 2980 el
883 2937 937 2982 ocu
959 2921 1054 2982 clivus
1077 2921 1189 2982 inimo

375 3025 576 3108 Lympharum
597 3027 720 3108 speculo
742 3047 810 3090 sese
831 3027 962 3110 inspicit,
985 3030 1081 3092 inetur
1101 3031 1216 3092 eventis

377 3139 507 3200 Cernere
527 3155 561 3198 se
582 3145 719 3200 ornetum
740 3137 822 3200 narie
842 3137 1026 3220 pulchreque
1048 3141 1189 3202 virentem

376 3248 505 3310 Luxurie
527 3267 561 3310 ec
583 3247 691 3308 llorum
711 3248 821 3310 ditem:
843 3249 889 3310 sio
909 3247 1032 3311 luminis
1053 3249 1157 3312 orbem

376 3357 463 3420 Hunc
486 3357 564 3418 circe
586 3359 829 3437 superaddentes
850 3358 971 3437 effigere
994 3358 1104 3420 vultum

312 3484 360 3536 loo
377 3465 451 3538 Huc,
473 3465 564 3529 veluti
585 3467 617 3529 in
633 3468 797 3548 speculum,
819 3485 875 3548 per
894 3467 962 3547 plus
985 3487 1073 3548 quam
1095 3469 1185 3531 millia
1208 3471 1270 3533 ridi

376 3575 492 3638 Limine
515 3577 658 3656 digestos,
681 3577 718 3640 de
740 3577 852 3640 nostris
874 3587 1022 3658 quotquot
1042 3579 1081 3642 ad
1101 3579 1152 3642 illa

378 3687 452 3747 Sese
474 3686 661 3749 contulerant
681 3687 807 3750 reduces
830 3687 971 3752 coelestio
993 3707 1124 3752 cosmus.

379 3794 467 3869 Quod
489 3795 514 3855 si
537 3795 707 3875 splendoris
729 3805 842 3858 tentum
864 3798 973 3877 medus
994 3799 1115 3862 iniimus
1136 3801 1166 3863 in
1188 3821 1221 3863 se

280 3941 288 3952 ·
379 3903 514 3981 Collegit,
535 3904 618 3966 loliis
640 3905 671 3966 in
694 3907 809 3968 cunctis
831 3917 941 3986 quuute
961 3907 1075 3989 patebit

256 4057 259 4095 ,
313 4019 360 4074 105
376 4015 457 4078 Haec
479 4011 570 4076 rosel
591 4014 654 4076 Nec
673 4013 756 4076 risus
777 4034 825 4078 mc
847 4017 1004 4080 deficiebat
1023 4019 1055 4081 in
1078 4020 1138 4084 ullo

256 4100 259 4221 Ι
378 4129 472 4205 Atque
495 4123 594 4212 amplp
616 4123 724 4205 spatio,
746 4144 849 4188 verum
870 4139 917 4190 est
937 4129 1010 4190 milri
1032 4130 1151 4209 cognite
1174 4139 1244 4204 tote,

256 4232 261 4391 p
380 4235 496 4307 Quanta
517 4242 589 4308 eret,
613 4241 643 4296 et
664 4233 760 4314 qualis
782 4236 869 4314 gaudi
891 4237 981 4320 hujus
1002 4257 1118 4302 summe
1139 4237 1265 4304 beenlis.

378 4343 455 4404 ilinc
475 4343 589 4423 procul,
612 4353 642 4406 el
661 4344 787 4426 propius
809 4347 975 4410 consistere
996 4367 1052 4412 neo
1069 4349 1154 4430 juret
1174 4351 1279 4426 hilum.

294 4541 388 4550 ———
393 4541 434 4550 -—·-
