3224 5166
105 423 110 550 ἰ
609 419 789 470 ruecttoutr
807 421 844 470 tt.

106 597 110 644 ¹
185 651 217 703 tc
234 637 388 716 Quemque
411 644 497 698 tuens
519 636 615 698 acetis
636 645 724 717 etque
745 639 884 718 undique
899 639 1159 720 circumspectans,

233 747 382 826 Multaque
403 746 581 824 premittens
603 765 620 808 a
639 747 758 808 cunctis
779 747 855 809 iiber
875 748 1000 812 abibam.

275 856 331 918 Hic
353 857 522 925 Asarinum,
544 856 596 934 qui
612 854 674 916 sub
697 857 759 916 iera
779 855 899 920 bracbia
920 854 1008 934 Germ

234 965 276 1027 De
298 965 397 1026 Taceo
420 964 574 1036 occubuit,
596 964 670 1038 vidi,
694 963 805 1044 quique
827 967 936 1045 impete
958 983 1050 1029 eecce

234 1074 343 1136 Hostes
366 1074 437 1136 dum
458 1073 642 1152 insequitur,
664 1074 835 1153 subiectum
855 1075 957 1154 tapsus
978 1077 1008 1137 in
1031 1096 1146 1140 amnem

187 1197 217 1249 tt
234 1183 398 1246 interclusa
419 1183 516 1244 eninm
536 1183 634 1262 periit.
677 1183 733 1244 iiic
754 1199 822 1246 eum
843 1203 932 1264 prece
953 1183 1061 1248 bienna

234 1291 378 1354 Attollens
400 1293 514 1372 palmas
535 1292 695 1354 annrcus
718 1301 858 1372 utraeque
880 1294 1048 1362 Novarum.

235 1401 378 1464 Necnon
401 1401 526 1462 Pisanus
550 1409 688 1474 testatus,
711 1411 832 1481 pectore
855 1403 924 1464 serti

234 1509 414 1572 Mineuccmr
436 1509 748 1582 curmessiacum,
771 1511 921 1586 tardabam
944 1521 974 1574 et
994 1512 1065 1574 Uest

234 1619 299 1680 Vidi
322 1619 448 1682 animam
470 1619 605 1693 eomitis;
628 1619 837 1700 disjunctaque
859 1639 986 1700 eurpure
1007 1621 1046 1682 ob
1068 1623 1141 1684 iram

184 1741 218 1793 tt
234 1729 339 1808 Atque
352 1747 452 1791 acrem
473 1728 627 1801 iuvidiam,
650 1729 727 1790 sicut
748 1730 879 1802 dicebat,
901 1738 930 1792 et
951 1730 1010 1794 ulia

236 1838 355 1917 Absque
377 1857 430 1901 sua
453 1837 555 1917 cupa,
577 1837 665 1900 nobis
687 1839 784 1901 anima
804 1839 895 1902 altera
915 1839 995 1902 veuit

236 1946 337 2009 Obvia.
371 1947 443 2026 ,ugo
465 1946 586 2008 Peramt
607 1947 801 2010 Bmecsnsart
824 1948 904 2010 bunc
926 1967 994 2010 esse
1015 1948 1154 2012 monebu.

235 2061 329 2136 Atque
352 2055 611 2136 imprecareris,
634 2058 958 2137 superaeternum,
981 2057 1134 2122 umnam

235 2165 362 2244 Regina,
386 2185 420 2227 ac
440 2165 554 2237 videm,
578 2183 616 2228 ne
637 2166 723 2246 pejer
744 2184 777 2227 sc
799 2175 917 2229 maneat
937 2183 1016 2242 grex.

183 2283 217 2336 ab
277 2275 364 2337 Omni
386 2293 434 2338 me
455 2283 615 2354 postquem
636 2274 759 2336 dissolui
781 2275 913 2338 exercitu
933 2295 1035 2338 earum

110 2406 114 2454 r
234 2383 409 2446 Umbrarum
432 2391 583 2456 orantum,
605 2392 639 2446 ut
658 2386 792 2464 requiem
814 2385 871 2447 sibi
892 2384 1028 2464 supplice
1049 2403 1122 2448 voce

236 2494 363 2556 Orarent
384 2493 454 2566 aiii,
478 2493 516 2555 eb
539 2511 627 2573 qnam
650 2495 759 2556 sanctu
781 2513 848 2556 esse
870 2495 972 2556 liceret

237 2603 345 2672 Ocius,
369 2603 418 2662 bic
440 2603 541 2682 coepi:
565 2603 589 2664 0
611 2621 677 2664 mea
699 2603 763 2676 lux,
787 2605 926 2666 decuisse
946 2604 1063 2666 videtur

237 2713 365 2774 Omnino
387 2720 437 2773 tua
458 2711 541 2774 iiusa
561 2712 629 2774 iaec
651 2731 712 2774 neu
733 2731 824 2792 pesse
845 2713 996 2791 precando
1097 2751 1101 2758 -

185 2831 218 2882 tte
236 2823 306 2885 Fata
328 2822 381 2884 Dei
402 2822 498 2894 flecti3
521 2829 618 2883 tamen
640 2822 670 2884 id
692 2839 776 2900 qens.
787 2823 844 2884 ista
865 2821 998 2900 rogabat.

237 2931 357 2992 Frustra
380 2949 451 3008 ergo
473 2931 504 2992 bi
526 2927 670 3009 sperent?
690 2931 736 2994 Au
759 2949 819 2992 ucn
838 2930 918 2994 bcue
940 2931 1050 3012 scripta
1071 2940 1228 3010 patescunt

236 3040 274 3101 nti
297 3037 369 3102 tua?
390 3071 431 3084 ·-
453 3043 490 3102 bt
512 3041 538 3102 is
561 3047 679 3102 centra:
701 3041 734 3102 Si
757 3040 996 3119 contemplabere
1017 3059 1090 3102 sana

237 3149 308 3210 Ram
330 3150 449 3230 penitus
470 3157 585 3222 mente,
607 3156 654 3211 est
676 3150 771 3212 facilis
793 3149 958 3228 plenusque
980 3168 1114 3212 meorum

237 3259 422 3338 Scriptorum
445 3277 569 3328 seusus,
591 3275 689 3338 neque
711 3277 763 3320 ecs
786 3276 856 3336 spes
879 3257 954 3318 ludit
975 3259 1082 3320 inanis.

186 3377 219 3430 aa
236 3367 368 3447 Namque
389 3367 468 3430 baud
491 3367 646 3432 deseendit
666 3368 807 3449 majestas
829 3385 944 3430 summa
966 3369 1087 3446 superui
1175 3387 1176 3392 ¹
1233 3346 1236 3355 ¹

235 3477 360 3551 tunicii,
383 3477 453 3540 dum
475 3477 565 3540 corda
586 3495 680 3541 urens
700 3478 745 3540 vis
767 3477 852 3554 ignea
870 3476 984 3537 ameris

236 3585 301 3648 Une
323 3586 383 3648 ictu
405 3586 552 3657 absolvat,
575 3586 654 3666 qued
674 3587 778 3666 jussus
801 3586 916 3648 solvere
938 3585 1035 3654 debet.

238 3694 414 3775 Quicunque
431 3697 486 3766 ¹bic
506 3695 643 3758 stabulat
687 3695 747 3758 seu
767 3703 801 3756 ut
822 3703 868 3756 est
889 3695 1048 3762 sententia.
1071 3685 1158 3758 nemo

237 3803 320 3896 Vitae
342 3805 518 3868 emendabat
538 3805 645 3868 veteris
666 3805 821 3866 maieiaeta
842 3804 1009 3882 precanda:

111 3991 114 4000 1
185 3925 220 3976 te
237 3913 371 3993 Namque
392 3915 454 3976 lice
476 3915 654 3976 immensum
676 3914 847 3994 sejunxerat
867 3913 1051 3976 intervalium

110 4003 115 4114 ᾖ
239 4023 388 4084 eranum.
431 4025 470 4086 st
490 4043 561 4088 vero
583 4023 673 4084 unus
696 4022 823 4084 ebruna
844 4022 975 4084 unebr'a

237 4131 318 4192 Dicta
340 4149 445 4203 arcaea
467 4133 539 4196 mibi
561 4151 599 4194 uc
621 4131 746 4195 ebbnua
768 4141 847 4194 certa
869 4141 981 4210 putare,
1024 4143 1026 4150 ’

236 4239 272 4301 n'i
294 4241 378 4320 prius
400 4242 430 4306 id
450 4243 572 4312 deceat.
597 4260 673 4321 quae
695 4242 745 4304 lux
766 4241 855 4304 micat
877 4241 955 4302 iuter
975 4249 1128 4319 utramque

236 4349 304 4410 Veri
326 4350 476 4430 animique
498 4352 591 4414 facem
614 4350 721 4413 uestri.
764 4353 859 4430 Atque
882 4349 930 4412 bic
953 4350 1072 4418 uescie,
1094 4368 1132 4410 au
1153 4349 1232 4410 istud

109 4536 111 4542 ,
207 4547 758 4568 *mn-
764 4547 840 4554 ...η-.-
847 4545 1038 4552 -ο--υ-..η--η-
1045 4545 1164 4552 ...ι-ι...-
1173 4547 1342 4565 Μ,
