<?xml version="1.0" encoding="UTF-8"?>
<!DOCTYPE html PUBLIC "-//W3C//DTD XHTML 1.0 Transitional//EN"
    "http://www.w3.org/TR/xhtml1/DTD/xhtml1-transitional.dtd">
<html xmlns="http://www.w3.org/1999/xhtml" xml:lang="en" lang="en">
 <head>
  <title>
</title>
<meta http-equiv="Content-Type" content="text/html;charset=utf-8" />
  <meta name='ocr-system' content='tesseract 3.04.00' />
  <meta name='ocr-capabilities' content='ocr_page ocr_carea ocr_par ocr_line ocrx_word'/>
</head>
<body>
  <div class='ocr_page' id='page_1' title='image "./divinacomoedia00piazgoog_0168.png"; bbox 0 0 3124 5170; ppageno 0'>
   <div class='ocr_carea' id='block_1_1' title="bbox 427 459 824 510">
    <p class='ocr_par' dir='ltr' id='par_1_1' title="bbox 427 459 824 510">
     <span class='ocr_line' id='line_1_1' title="bbox 427 459 824 510; baseline -0.01 1"><span class='ocrx_word' id='word_1_1' title='bbox 427 481 430 492; x_wconf 91' lang='lat'><em>·</em></span> <span class='ocrx_word' id='word_1_2' title='bbox 537 459 729 510; x_wconf 76' lang='lat' dir='ltr'>mreuuonuu</span> <span class='ocrx_word' id='word_1_3' title='bbox 748 459 824 508; x_wconf 68' lang='lat' dir='ltr'>uix.</span> 
     </span>
    </p>
   </div>
   <div class='ocr_carea' id='block_1_2' title="bbox 5 677 1268 4610">
    <p class='ocr_par' dir='ltr' id='par_1_2' title="bbox 5 677 1268 4610">
     <span class='ocr_line' id='line_1_2' title="bbox 194 677 984 757; baseline 0 -19"><span class='ocrx_word' id='word_1_4' title='bbox 194 678 277 752; x_wconf 86' lang='lat' dir='ltr'>Quos</span> <span class='ocrx_word' id='word_1_5' title='bbox 299 677 341 738; x_wconf 88' lang='lat' dir='ltr'>ita</span> <span class='ocrx_word' id='word_1_6' title='bbox 362 685 520 757; x_wconf 76' lang='lat' dir='ltr'>coemptos</span> <span class='ocrx_word' id='word_1_7' title='bbox 542 677 656 750; x_wconf 85' lang='lat' dir='ltr'>cernis,</span> <span class='ocrx_word' id='word_1_8' title='bbox 678 685 749 740; x_wconf 88' lang='lat' dir='ltr'>tunc</span> <span class='ocrx_word' id='word_1_9' title='bbox 769 695 847 738; x_wconf 84' lang='lat' dir='ltr'>unus</span> <span class='ocrx_word' id='word_1_10' title='bbox 869 677 904 738; x_wconf 89' lang='lat' dir='ltr'>ad</span> <span class='ocrx_word' id='word_1_11' title='bbox 927 677 984 738; x_wconf 85' lang='lat' dir='ltr'>ista</span> 
     </span>
     <span class='ocr_line' id='line_1_3' title="bbox 192 785 1018 868; baseline -0.002 -18"><span class='ocrx_word' id='word_1_12' title='bbox 192 786 360 868; x_wconf 79' lang='lat' dir='ltr'><strong>Respondit</strong></span> <span class='ocrx_word' id='word_1_13' title='bbox 380 787 556 862; x_wconf 69' lang='lat' dir='ltr'>lacrimansr</span> <span class='ocrx_word' id='word_1_14' title='bbox 578 788 631 848; x_wconf 86' lang='lat' dir='ltr'>sed</span> <span class='ocrx_word' id='word_1_15' title='bbox 655 787 705 868; x_wconf 88' lang='lat' dir='ltr'>qui</span> <span class='ocrx_word' id='word_1_16' title='bbox 727 805 782 848; x_wconf 86' lang='lat' dir='ltr'>nas</span> <span class='ocrx_word' id='word_1_17' title='bbox 803 803 876 848; x_wconf 83' lang='lat' dir='ltr'>voce</span> <span class='ocrx_word' id='word_1_18' title='bbox 897 785 1018 864; x_wconf 75' lang='lat' dir='ltr'>rogasti,</span> 
     </span>
     <span class='ocr_line' id='line_1_4' title="bbox 84 834 1098 975; baseline -0.004 -14"><span class='ocrx_word' id='word_1_19' title='bbox 84 834 87 961; x_wconf 64' lang='grc' dir='ltr'>Ι</span> <span class='ocrx_word' id='word_1_20' title='bbox 191 896 302 975; x_wconf 77' lang='lat' dir='ltr'>Ecquis</span> <span class='ocrx_word' id='word_1_21' title='bbox 324 895 380 958; x_wconf 83' lang='lat' dir='ltr'>es?</span> <span class='ocrx_word' id='word_1_22' title='bbox 402 929 443 941; x_wconf 94' lang='lat'>—</span> <span class='ocrx_word' id='word_1_23' title='bbox 464 898 501 958; x_wconf 79' lang='lat' dir='ltr'>tt</span> <span class='ocrx_word' id='word_1_24' title='bbox 522 897 642 958; x_wconf 89' lang='lat' dir='ltr'>ductor:</span> <span class='ocrx_word' id='word_1_25' title='bbox 666 896 752 969; x_wconf 86' lang='lat' dir='ltr'>Veni,</span> <span class='ocrx_word' id='word_1_26' title='bbox 775 895 957 958; x_wconf 68' lang='lat' dir='ltr'>descendere</span> <span class='ocrx_word' id='word_1_27' title='bbox 978 895 1098 958; x_wconf 84' lang='lat' dir='ltr'>adurms</span> 
     </span>
     <span class='ocr_line' id='line_1_5' title="bbox 84 970 1019 1086; baseline 0.006 -23"><span class='ocrx_word' id='word_1_28' title='bbox 84 970 87 1063; x_wconf 70' lang='lat' dir='ltr'>i</span> <span class='ocrx_word' id='word_1_29' title='bbox 190 1005 234 1066; x_wconf 84' lang='lat' dir='ltr'>Ex</span> <span class='ocrx_word' id='word_1_30' title='bbox 255 1025 329 1085; x_wconf 92' lang='lat' dir='ltr'>rupe</span> <span class='ocrx_word' id='word_1_31' title='bbox 351 1004 382 1068; x_wconf 89' lang='lat' dir='ltr'>iu</span> <span class='ocrx_word' id='word_1_32' title='bbox 402 1025 527 1086; x_wconf 86' lang='lat' dir='ltr'>rupem,</span> <span class='ocrx_word' id='word_1_33' title='bbox 550 1007 692 1068; x_wconf 87' lang='lat' dir='ltr'>ducturus</span> <span class='ocrx_word' id='word_1_34' title='bbox 715 1021 823 1085; x_wconf 84' lang='lat' dir='ltr'>cerpus</span> <span class='ocrx_word' id='word_1_35' title='bbox 845 1005 1019 1068; x_wconf 84' lang='lat' dir='ltr'>habentem</span> 
     </span>
     <span class='ocr_line' id='line_1_6' title="bbox 83 1072 981 1187; baseline 0.001 -12"><span class='ocrx_word' id='word_1_36' title='bbox 83 1072 87 1163; x_wconf 62' lang='lat' dir='ltr'>i</span> <span class='ocrx_word' id='word_1_37' title='bbox 143 1124 175 1175; x_wconf 79' lang='lat' dir='ltr'>uu</span> <span class='ocrx_word' id='word_1_38' title='bbox 192 1114 315 1187; x_wconf 86' lang='lat' dir='ltr'>Virum,</span> <span class='ocrx_word' id='word_1_39' title='bbox 338 1115 495 1176; x_wconf 83' lang='lat' dir='ltr'>Tartareas</span> <span class='ocrx_word' id='word_1_40' title='bbox 518 1115 632 1178; x_wconf 85' lang='lat' dir='ltr'>homini</span> <span class='ocrx_word' id='word_1_41' title='bbox 654 1121 821 1176; x_wconf 83' lang='lat' dir='ltr'>monstrare</span> <span class='ocrx_word' id='word_1_42' title='bbox 842 1133 981 1177; x_wconf 76' lang='lat' dir='ltr'>cavernas</span> 
     </span>
     <span class='ocr_line' id='line_1_7' title="bbox 82 1170 927 1289; baseline -0.005 0"><span class='ocrx_word' id='word_1_43' title='bbox 82 1170 86 1289; x_wconf 63' lang='lat' dir='ltr'>i</span> <span class='ocrx_word' id='word_1_44' title='bbox 192 1223 306 1286; x_wconf 85' lang='lat' dir='ltr'>Certus.</span> <span class='ocrx_word' id='word_1_45' title='bbox 350 1223 425 1285; x_wconf 86' lang='lat' dir='ltr'>Tum</span> <span class='ocrx_word' id='word_1_46' title='bbox 447 1243 516 1286; x_wconf 85' lang='lat' dir='ltr'>rere</span> <span class='ocrx_word' id='word_1_47' title='bbox 538 1243 605 1288; x_wconf 83' lang='lat' dir='ltr'>sese</span> <span class='ocrx_word' id='word_1_48' title='bbox 628 1243 783 1286; x_wconf 87' lang='lat' dir='ltr'>commune</span> <span class='ocrx_word' id='word_1_49' title='bbox 805 1223 927 1286; x_wconf 79' lang='lat' dir='ltr'>resolvit</span> 
     </span>
     <span class='ocr_line' id='line_1_8' title="bbox 190 1331 1149 1414; baseline -0.001 -20"><span class='ocrx_word' id='word_1_50' title='bbox 190 1333 344 1406; x_wconf 80' lang='lat' dir='ltr'>Fulcrum,</span> <span class='ocrx_word' id='word_1_51' title='bbox 367 1342 398 1394; x_wconf 90' lang='lat' dir='ltr'>et</span> <span class='ocrx_word' id='word_1_52' title='bbox 419 1333 545 1413; x_wconf 82' lang='lat' dir='ltr'>quisque</span> <span class='ocrx_word' id='word_1_53' title='bbox 568 1336 697 1396; x_wconf 81' lang='lat' dir='ltr'>tremens</span> <span class='ocrx_word' id='word_1_54' title='bbox 719 1334 823 1396; x_wconf 85' lang='lat' dir='ltr'>oculos</span> <span class='ocrx_word' id='word_1_55' title='bbox 845 1342 934 1414; x_wconf 88' lang='lat' dir='ltr'>atque</span> <span class='ocrx_word' id='word_1_56' title='bbox 955 1351 1007 1396; x_wconf 88' lang='lat' dir='ltr'>ura</span> <span class='ocrx_word' id='word_1_57' title='bbox 1029 1331 1149 1394; x_wconf 75' lang='lat' dir='ltr'>tenebat</span> 
     </span>
     <span class='ocr_line' id='line_1_9' title="bbox 82 1441 1071 1531; baseline 0.002 -29"><span class='ocrx_word' id='word_1_58' title='bbox 82 1489 85 1531; x_wconf 55' lang='grc' dir='ltr'>Ι</span> <span class='ocrx_word' id='word_1_59' title='bbox 184 1441 223 1503; x_wconf 84' lang='lat' dir='ltr'>dn</span> <span class='ocrx_word' id='word_1_60' title='bbox 245 1461 309 1515; x_wconf 90' lang='lat' dir='ltr'>me,</span> <span class='ocrx_word' id='word_1_61' title='bbox 331 1461 449 1522; x_wconf 88' lang='lat' dir='ltr'>unaque</span> <span class='ocrx_word' id='word_1_62' title='bbox 471 1443 536 1516; x_wconf 88' lang='lat' dir='ltr'>alii,</span> <span class='ocrx_word' id='word_1_63' title='bbox 560 1444 668 1525; x_wconf 87' lang='lat' dir='ltr'>quibus</span> <span class='ocrx_word' id='word_1_64' title='bbox 690 1444 763 1506; x_wconf 86' lang='lat' dir='ltr'>haec</span> <span class='ocrx_word' id='word_1_65' title='bbox 785 1463 839 1506; x_wconf 84' lang='lat' dir='ltr'>vex</span> <span class='ocrx_word' id='word_1_66' title='bbox 861 1444 953 1505; x_wconf 86' lang='lat' dir='ltr'>iuerat</span> <span class='ocrx_word' id='word_1_67' title='bbox 975 1460 1071 1504; x_wconf 86' lang='lat' dir='ltr'>aures.</span> 
     </span>
     <span class='ocr_line' id='line_1_10' title="bbox 82 1536 920 1632; baseline 0.001 -19"><span class='ocrx_word' id='word_1_68' title='bbox 82 1536 85 1563; x_wconf 89' lang='lat'>&#39;</span> <span class='ocrx_word' id='word_1_69' title='bbox 233 1551 370 1632; x_wconf 85' lang='lat' dir='ltr'><strong>Optimus</strong></span> <span class='ocrx_word' id='word_1_70' title='bbox 391 1553 522 1616; x_wconf 84' lang='lat' dir='ltr'>accessit</span> <span class='ocrx_word' id='word_1_71' title='bbox 542 1552 673 1618; x_wconf 83' lang='lat' dir='ltr'>demisso</span> <span class='ocrx_word' id='word_1_72' title='bbox 696 1553 820 1625; x_wconf 81' lang='lat' dir='ltr'>vertice,</span> <span class='ocrx_word' id='word_1_73' title='bbox 843 1553 920 1616; x_wconf 80' lang='lat' dir='ltr'>tatus</span> 
     </span>
     <span class='ocr_line' id='line_1_11' title="bbox 81 1612 1032 1742; baseline 0 -19"><span class='ocrx_word' id='word_1_74' title='bbox 81 1612 85 1709; x_wconf 64' lang='grc' dir='ltr'>Ι</span> <span class='ocrx_word' id='word_1_75' title='bbox 143 1670 174 1723; x_wconf 74' lang='lat' dir='ltr'>aa</span> <span class='ocrx_word' id='word_1_76' title='bbox 190 1661 241 1725; x_wconf 86' lang='lat' dir='ltr'>Sic</span> <span class='ocrx_word' id='word_1_77' title='bbox 263 1680 393 1735; x_wconf 88' lang='lat' dir='ltr'>mecum,</span> <span class='ocrx_word' id='word_1_78' title='bbox 416 1662 550 1742; x_wconf 87' lang='lat' dir='ltr'>sapiens:</span> <span class='ocrx_word' id='word_1_79' title='bbox 573 1661 642 1724; x_wconf 84' lang='lat' dir='ltr'>Istis</span> <span class='ocrx_word' id='word_1_80' title='bbox 664 1670 696 1724; x_wconf 95' lang='lat' dir='ltr'>tu</span> <span class='ocrx_word' id='word_1_81' title='bbox 718 1661 866 1734; x_wconf 84' lang='lat' dir='ltr'>edissere,</span> <span class='ocrx_word' id='word_1_82' title='bbox 890 1661 1032 1742; x_wconf 87' lang='lat' dir='ltr'>quidquid</span> 
     </span>
     <span class='ocr_line' id='line_1_12' title="bbox 81 1716 1152 1853; baseline -0.001 -22"><span class='ocrx_word' id='word_1_83' title='bbox 81 1716 85 1853; x_wconf 42' lang='lat' dir='ltr'><strong><em>y</em></strong></span> <span class='ocrx_word' id='word_1_84' title='bbox 189 1771 250 1832; x_wconf 77' lang='lat' dir='ltr'>Vis.</span> <span class='ocrx_word' id='word_1_85' title='bbox 293 1771 330 1832; x_wconf 84' lang='lat' dir='ltr'>Et</span> <span class='ocrx_word' id='word_1_86' title='bbox 351 1789 406 1850; x_wconf 75' lang='lat' dir='ltr'>ege</span> <span class='ocrx_word' id='word_1_87' title='bbox 428 1772 531 1851; x_wconf 84' lang='lat' dir='ltr'>coepi,</span> <span class='ocrx_word' id='word_1_88' title='bbox 554 1772 631 1834; x_wconf 83' lang='lat' dir='ltr'>itanc</span> <span class='ocrx_word' id='word_1_89' title='bbox 652 1771 767 1832; x_wconf 86' lang='lat' dir='ltr'>veniam</span> <span class='ocrx_word' id='word_1_90' title='bbox 789 1772 860 1833; x_wconf 89' lang='lat' dir='ltr'>mihi</span> <span class='ocrx_word' id='word_1_91' title='bbox 884 1773 973 1834; x_wconf 87' lang='lat' dir='ltr'>dante</span> <span class='ocrx_word' id='word_1_92' title='bbox 994 1770 1152 1848; x_wconf 74' lang='lat' dir='ltr'>magistre:</span> 
     </span>
     <span class='ocr_line' id='line_1_13' title="bbox 81 1868 988 1989; baseline 0 -47"><span class='ocrx_word' id='word_1_93' title='bbox 81 1868 85 1989; x_wconf 65' lang='grc' dir='ltr'>ἰ</span> <span class='ocrx_word' id='word_1_94' title='bbox 190 1882 241 1942; x_wconf 90' lang='lat' dir='ltr'>Sic</span> <span class='ocrx_word' id='word_1_95' title='bbox 263 1900 413 1961; x_wconf 91' lang='lat' dir='ltr'>nunquam</span> <span class='ocrx_word' id='word_1_96' title='bbox 434 1888 562 1942; x_wconf 84' lang='lat' dir='ltr'>restrum</span> <span class='ocrx_word' id='word_1_97' title='bbox 584 1882 681 1961; x_wconf 88' lang='lat' dir='ltr'>primu</span> <span class='ocrx_word' id='word_1_98' title='bbox 704 1890 843 1944; x_wconf 86' lang='lat' dir='ltr'>vanescat</span> <span class='ocrx_word' id='word_1_99' title='bbox 863 1882 894 1943; x_wconf 87' lang='lat' dir='ltr'>iu</span> <span class='ocrx_word' id='word_1_100' title='bbox 916 1881 988 1942; x_wconf 85' lang='lat' dir='ltr'>urbe</span> 
     </span>
     <span class='ocr_line' id='line_1_14' title="bbox 81 1990 975 2083; baseline 0 -31"><span class='ocrx_word' id='word_1_101' title='bbox 81 2000 85 2083; x_wconf 60' lang='grc' dir='ltr'>Ι</span> <span class='ocrx_word' id='word_1_102' title='bbox 189 1991 336 2053; x_wconf 73' lang='lat' dir='ltr'>Mentibus</span> <span class='ocrx_word' id='word_1_103' title='bbox 359 1990 479 2052; x_wconf 84' lang='lat' dir='ltr'>elabens</span> <span class='ocrx_word' id='word_1_104' title='bbox 501 2007 625 2064; x_wconf 91' lang='lat' dir='ltr'>numen,</span> <span class='ocrx_word' id='word_1_105' title='bbox 648 1991 700 2052; x_wconf 87' lang='lat' dir='ltr'>sed</span> <span class='ocrx_word' id='word_1_106' title='bbox 722 1991 799 2052; x_wconf 84' lang='lat' dir='ltr'>vivat</span> <span class='ocrx_word' id='word_1_107' title='bbox 820 1991 850 2052; x_wconf 92' lang='lat' dir='ltr'>in</span> <span class='ocrx_word' id='word_1_108' title='bbox 872 2009 975 2054; x_wconf 81' lang='lat' dir='ltr'>aerum</span> 
     </span>
     <span class='ocr_line' id='line_1_15' title="bbox 81 2098 1002 2181; baseline -0.002 -19"><span class='ocrx_word' id='word_1_109' title='bbox 81 2124 84 2137; x_wconf 90' lang='grc'><strong><em>·</em></strong></span> <span class='ocrx_word' id='word_1_110' title='bbox 188 2099 321 2162; x_wconf 71' lang='lat' dir='ltr'>Multum.</span> <span class='ocrx_word' id='word_1_111' title='bbox 364 2100 429 2162; x_wconf 87' lang='lat' dir='ltr'>Non</span> <span class='ocrx_word' id='word_1_112' title='bbox 450 2101 550 2181; x_wconf 79' lang='lat' dir='ltr'>pigeat</span> <span class='ocrx_word' id='word_1_113' title='bbox 571 2099 621 2180; x_wconf 90' lang='lat' dir='ltr'>qui</span> <span class='ocrx_word' id='word_1_114' title='bbox 643 2098 710 2162; x_wconf 82' lang='lat' dir='ltr'>sitis</span> <span class='ocrx_word' id='word_1_115' title='bbox 732 2099 849 2171; x_wconf 85' lang='lat' dir='ltr'>dicere,</span> <span class='ocrx_word' id='word_1_116' title='bbox 873 2107 903 2161; x_wconf 89' lang='lat' dir='ltr'>et</span> <span class='ocrx_word' id='word_1_117' title='bbox 923 2100 1002 2161; x_wconf 92' lang='lat' dir='ltr'>unde</span> 
     </span>
     <span class='ocr_line' id='line_1_16' title="bbox 81 2146 1076 2289; baseline -0.004 -17"><span class='ocrx_word' id='word_1_118' title='bbox 81 2146 85 2257; x_wconf 65' lang='grc' dir='ltr'><strong>ι</strong></span> <span class='ocrx_word' id='word_1_119' title='bbox 130 2223 174 2274; x_wconf 79' lang='lat'>1⁰⁰</span> <span class='ocrx_word' id='word_1_120' title='bbox 190 2209 237 2272; x_wconf 87' lang='lat' dir='ltr'>Sit</span> <span class='ocrx_word' id='word_1_121' title='bbox 258 2227 368 2288; x_wconf 67' lang='lat' dir='ltr'>penus,</span> <span class='ocrx_word' id='word_1_122' title='bbox 391 2209 470 2271; x_wconf 90' lang='lat' dir='ltr'>haud</span> <span class='ocrx_word' id='word_1_123' title='bbox 491 2217 606 2272; x_wconf 78' lang='lat' dir='ltr'>restrae</span> <span class='ocrx_word' id='word_1_124' title='bbox 628 2210 745 2289; x_wconf 88' lang='lat' dir='ltr'>species</span> <span class='ocrx_word' id='word_1_125' title='bbox 767 2209 939 2271; x_wconf 82' lang='lat' dir='ltr'>foedissima</span> <span class='ocrx_word' id='word_1_126' title='bbox 963 2225 1076 2288; x_wconf 84' lang='lat' dir='ltr'>poenae</span> 
     </span>
     <span class='ocr_line' id='line_1_17' title="bbox 81 2260 979 2399; baseline -0.003 -18"><span class='ocrx_word' id='word_1_127' title='bbox 81 2260 84 2365; x_wconf 52' lang='grc'><strong>4</strong></span> <span class='ocrx_word' id='word_1_128' title='bbox 190 2319 351 2399; x_wconf 78' lang='lat' dir='ltr'>Impediat,</span> <span class='ocrx_word' id='word_1_129' title='bbox 373 2325 503 2382; x_wconf 78' lang='lat' dir='ltr'>veterem</span> <span class='ocrx_word' id='word_1_130' title='bbox 524 2325 690 2382; x_wconf 80' lang='lat' dir='ltr'>metuentes</span> <span class='ocrx_word' id='word_1_131' title='bbox 711 2318 838 2399; x_wconf 88' lang='lat' dir='ltr'>prodere</span> <span class='ocrx_word' id='word_1_132' title='bbox 862 2320 979 2380; x_wconf 79' lang='lat' dir='ltr'>famam.</span> 
     </span>
     <span class='ocr_line' id='line_1_18' title="bbox 5 2409 841 2510; baseline -0.004 -19"><span class='ocrx_word' id='word_1_133' title='bbox 5 2409 6 2416; x_wconf 8' lang='grc' dir='ltr'>ἵ</span> <span class='ocrx_word' id='word_1_134' title='bbox 232 2431 364 2491; x_wconf 77' lang='lat' dir='ltr'>Aneruu</span> <span class='ocrx_word' id='word_1_135' title='bbox 386 2429 459 2491; x_wconf 88' lang='lat' dir='ltr'>mihi</span> <span class='ocrx_word' id='word_1_136' title='bbox 482 2429 569 2492; x_wconf 86' lang='lat' dir='ltr'>tellus</span> <span class='ocrx_word' id='word_1_137' title='bbox 591 2436 637 2491; x_wconf 89' lang='lat' dir='ltr'>est</span> <span class='ocrx_word' id='word_1_138' title='bbox 658 2429 767 2510; x_wconf 89' lang='lat' dir='ltr'>patria,</span> <span class='ocrx_word' id='word_1_139' title='bbox 791 2429 841 2494; x_wconf 84' lang='lat' dir='ltr'>uli</span> 
     </span>
     <span class='ocr_line' id='line_1_19' title="bbox 191 2538 989 2617; baseline -0.005 -16"><span class='ocrx_word' id='word_1_140' title='bbox 191 2539 273 2601; x_wconf 86' lang='lat' dir='ltr'>Unus</span> <span class='ocrx_word' id='word_1_141' title='bbox 294 2557 368 2600; x_wconf 85' lang='lat' dir='ltr'>roae</span> <span class='ocrx_word' id='word_1_142' title='bbox 389 2539 471 2612; x_wconf 70' lang='lat' dir='ltr'>indit</span> <span class='ocrx_word' id='word_1_143' title='bbox 493 2539 663 2602; x_wconf 85' lang='lat' dir='ltr'>damnatum</span> <span class='ocrx_word' id='word_1_144' title='bbox 685 2557 733 2600; x_wconf 89' lang='lat' dir='ltr'>me</span> <span class='ocrx_word' id='word_1_145' title='bbox 754 2538 822 2617; x_wconf 78' lang='lat' dir='ltr'>igne</span> <span class='ocrx_word' id='word_1_146' title='bbox 845 2539 989 2601; x_wconf 80' lang='lat' dir='ltr'>Seuerus</span> 
     </span>
     <span class='ocr_line' id='line_1_20' title="bbox 190 2645 1068 2728; baseline -0.002 -18"><span class='ocrx_word' id='word_1_147' title='bbox 190 2649 325 2710; x_wconf 73' lang='lat' dir='ltr'>dremne</span> <span class='ocrx_word' id='word_1_148' title='bbox 348 2648 530 2728; x_wconf 78' lang='lat' dir='ltr'>absumpsit3</span> <span class='ocrx_word' id='word_1_149' title='bbox 553 2648 621 2721; x_wconf 82' lang='lat' dir='ltr'>sed,</span> <span class='ocrx_word' id='word_1_150' title='bbox 646 2649 724 2727; x_wconf 88' lang='lat' dir='ltr'>quod</span> <span class='ocrx_word' id='word_1_151' title='bbox 747 2666 794 2709; x_wconf 91' lang='lat' dir='ltr'>me</span> <span class='ocrx_word' id='word_1_152' title='bbox 817 2655 911 2708; x_wconf 90' lang='lat' dir='ltr'>morte</span> <span class='ocrx_word' id='word_1_153' title='bbox 933 2645 1068 2726; x_wconf 81' lang='lat' dir='ltr'>peremit,</span> 
     </span>
     <span class='ocr_line' id='line_1_21' title="bbox 130 2754 1242 2838; baseline 0.002 -22"><span class='ocrx_word' id='word_1_154' title='bbox 130 2763 174 2818; x_wconf 79' lang='lat' dir='ltr'>lut</span> <span class='ocrx_word' id='word_1_155' title='bbox 190 2757 273 2820; x_wconf 81' lang='lat' dir='ltr'>Haud</span> <span class='ocrx_word' id='word_1_156' title='bbox 295 2759 354 2820; x_wconf 89' lang='lat' dir='ltr'>hue</span> <span class='ocrx_word' id='word_1_157' title='bbox 375 2776 422 2821; x_wconf 91' lang='lat' dir='ltr'>me</span> <span class='ocrx_word' id='word_1_158' title='bbox 442 2759 572 2822; x_wconf 87' lang='lat' dir='ltr'>adduxit.</span> <span class='ocrx_word' id='word_1_159' title='bbox 607 2759 800 2838; x_wconf 84' lang='lat' dir='ltr'>Quamquam,</span> <span class='ocrx_word' id='word_1_160' title='bbox 823 2765 857 2818; x_wconf 89' lang='lat' dir='ltr'>ut</span> <span class='ocrx_word' id='word_1_161' title='bbox 871 2775 974 2818; x_wconf 83' lang='lat' dir='ltr'>verum</span> <span class='ocrx_word' id='word_1_162' title='bbox 986 2756 1090 2818; x_wconf 82' lang='lat' dir='ltr'>ordine</span> <span class='ocrx_word' id='word_1_163' title='bbox 1105 2754 1242 2836; x_wconf 74' lang='lat' dir='ltr'>paudum,</span> 
     </span>
     <span class='ocr_line' id='line_1_22' title="bbox 189 2867 993 2948; baseline -0.002 -19"><span class='ocrx_word' id='word_1_164' title='bbox 189 2867 266 2929; x_wconf 83' lang='lat' dir='ltr'>Huic</span> <span class='ocrx_word' id='word_1_165' title='bbox 289 2868 435 2948; x_wconf 87' lang='lat' dir='ltr'>quondam</span> <span class='ocrx_word' id='word_1_166' title='bbox 458 2868 534 2942; x_wconf 84' lang='lat' dir='ltr'>dixi,</span> <span class='ocrx_word' id='word_1_167' title='bbox 557 2887 612 2948; x_wconf 90' lang='lat' dir='ltr'>per</span> <span class='ocrx_word' id='word_1_168' title='bbox 632 2868 734 2930; x_wconf 90' lang='lat' dir='ltr'>ludum</span> <span class='ocrx_word' id='word_1_169' title='bbox 755 2868 846 2930; x_wconf 91' lang='lat' dir='ltr'>multa</span> <span class='ocrx_word' id='word_1_170' title='bbox 868 2867 993 2940; x_wconf 86' lang='lat' dir='ltr'>loeutus,</span> 
     </span>
     <span class='ocr_line' id='line_1_23' title="bbox 189 2976 1001 3058; baseline 0 -20"><span class='ocrx_word' id='word_1_171' title='bbox 189 2977 235 3038; x_wconf 82' lang='lat' dir='ltr'>dte</span> <span class='ocrx_word' id='word_1_172' title='bbox 257 2976 364 3040; x_wconf 86' lang='lat' dir='ltr'>callere</span> <span class='ocrx_word' id='word_1_173' title='bbox 387 2985 496 3052; x_wconf 87' lang='lat' dir='ltr'>artem,</span> <span class='ocrx_word' id='word_1_174' title='bbox 518 2993 682 3058; x_wconf 86' lang='lat' dir='ltr'>perquam</span> <span class='ocrx_word' id='word_1_175' title='bbox 704 2977 839 3040; x_wconf 85' lang='lat' dir='ltr'>sublimis</span> <span class='ocrx_word' id='word_1_176' title='bbox 861 2978 892 3038; x_wconf 91' lang='lat' dir='ltr'>in</span> <span class='ocrx_word' id='word_1_177' title='bbox 913 2993 1001 3038; x_wconf 87' lang='lat' dir='ltr'>auras</span> 
     </span>
     <span class='ocr_line' id='line_1_24' title="bbox 190 3085 1072 3167; baseline -0.001 -20"><span class='ocrx_word' id='word_1_178' title='bbox 190 3085 333 3150; x_wconf 70' lang='lat' dir='ltr'>Tollerer·</span> <span class='ocrx_word' id='word_1_179' title='bbox 375 3087 431 3150; x_wconf 82' lang='lat' dir='ltr'>Hic</span> <span class='ocrx_word' id='word_1_180' title='bbox 452 3087 559 3167; x_wconf 87' lang='lat' dir='ltr'>plenus</span> <span class='ocrx_word' id='word_1_181' title='bbox 581 3088 760 3162; x_wconf 87' lang='lat' dir='ltr'>studiorum,</span> <span class='ocrx_word' id='word_1_182' title='bbox 783 3095 813 3149; x_wconf 90' lang='lat' dir='ltr'>et</span> <span class='ocrx_word' id='word_1_183' title='bbox 834 3086 943 3148; x_wconf 85' lang='lat' dir='ltr'>mentis</span> <span class='ocrx_word' id='word_1_184' title='bbox 966 3085 1072 3158; x_wconf 84' lang='lat' dir='ltr'>inanis,</span> 
     </span>
     <span class='ocr_line' id='line_1_25' title="bbox 188 3194 1029 3278; baseline -0.004 -20"><span class='ocrx_word' id='word_1_185' title='bbox 188 3195 355 3260; x_wconf 77' lang='lat' dir='ltr'>Menstrare</span> <span class='ocrx_word' id='word_1_186' title='bbox 375 3197 452 3260; x_wconf 88' lang='lat' dir='ltr'>hauc</span> <span class='ocrx_word' id='word_1_187' title='bbox 470 3197 577 3278; x_wconf 85' lang='lat' dir='ltr'>jussit:</span> <span class='ocrx_word' id='word_1_188' title='bbox 601 3197 669 3270; x_wconf 88' lang='lat' dir='ltr'>sed,</span> <span class='ocrx_word' id='word_1_189' title='bbox 691 3197 771 3277; x_wconf 86' lang='lat' dir='ltr'>quod</span> <span class='ocrx_word' id='word_1_190' title='bbox 794 3206 911 3258; x_wconf 81' lang='lat' dir='ltr'>tranare</span> <span class='ocrx_word' id='word_1_191' title='bbox 932 3194 1029 3256; x_wconf 85' lang='lat' dir='ltr'>relatu</span> 
     </span>
     <span class='ocr_line' id='line_1_26' title="bbox 127 3305 1110 3386; baseline -0.003 -18"><span class='ocrx_word' id='word_1_192' title='bbox 127 3317 173 3370; x_wconf 85' lang='lat' dir='ltr'>nu</span> <span class='ocrx_word' id='word_1_193' title='bbox 188 3306 263 3367; x_wconf 72' lang='lat' dir='ltr'>Aera</span> <span class='ocrx_word' id='word_1_194' title='bbox 285 3305 432 3369; x_wconf 76' lang='lat' dir='ltr'>Dredaieu</span> <span class='ocrx_word' id='word_1_195' title='bbox 453 3307 531 3370; x_wconf 86' lang='lat' dir='ltr'>haud</span> <span class='ocrx_word' id='word_1_196' title='bbox 554 3306 708 3380; x_wconf 84' lang='lat' dir='ltr'>dederam,</span> <span class='ocrx_word' id='word_1_197' title='bbox 730 3305 814 3368; x_wconf 87' lang='lat' dir='ltr'>dedit</span> <span class='ocrx_word' id='word_1_198' title='bbox 833 3306 898 3386; x_wconf 88' lang='lat' dir='ltr'>ipse</span> <span class='ocrx_word' id='word_1_199' title='bbox 921 3305 1110 3366; x_wconf 84' lang='lat' dir='ltr'>cremandum</span> 
     </span>
     <span class='ocr_line' id='line_1_27' title="bbox 187 3413 1026 3497; baseline 0.001 -23"><span class='ocrx_word' id='word_1_200' title='bbox 187 3413 387 3490; x_wconf 72' lang='lat' dir='ltr'>dicendam,</span> <span class='ocrx_word' id='word_1_201' title='bbox 411 3417 458 3478; x_wconf 90' lang='lat' dir='ltr'>cui</span> <span class='ocrx_word' id='word_1_202' title='bbox 481 3435 568 3478; x_wconf 87' lang='lat' dir='ltr'>carus</span> <span class='ocrx_word' id='word_1_203' title='bbox 591 3425 668 3490; x_wconf 89' lang='lat' dir='ltr'>erat,</span> <span class='ocrx_word' id='word_1_204' title='bbox 690 3415 766 3497; x_wconf 86' lang='lat' dir='ltr'>patri</span> <span class='ocrx_word' id='word_1_205' title='bbox 787 3424 819 3478; x_wconf 92' lang='lat' dir='ltr'>ut</span> <span class='ocrx_word' id='word_1_206' title='bbox 841 3434 893 3478; x_wconf 89' lang='lat' dir='ltr'>sua</span> <span class='ocrx_word' id='word_1_207' title='bbox 915 3414 1026 3495; x_wconf 86' lang='lat' dir='ltr'>proles.</span> 
     </span>
     <span class='ocr_line' id='line_1_28' title="bbox 187 3523 1008 3605; baseline 0 -21"><span class='ocrx_word' id='word_1_208' title='bbox 187 3523 294 3586; x_wconf 84' lang='lat' dir='ltr'>Verum</span> <span class='ocrx_word' id='word_1_209' title='bbox 317 3544 363 3588; x_wconf 91' lang='lat' dir='ltr'>me</span> <span class='ocrx_word' id='word_1_210' title='bbox 385 3525 441 3590; x_wconf 88' lang='lat' dir='ltr'>ista</span> <span class='ocrx_word' id='word_1_211' title='bbox 464 3526 567 3588; x_wconf 87' lang='lat' dir='ltr'>decem</span> <span class='ocrx_word' id='word_1_212' title='bbox 589 3527 626 3589; x_wconf 94' lang='lat' dir='ltr'>de</span> <span class='ocrx_word' id='word_1_213' title='bbox 647 3526 744 3605; x_wconf 75' lang='lat' dir='ltr'>bulgis</span> <span class='ocrx_word' id='word_1_214' title='bbox 764 3525 867 3588; x_wconf 87' lang='lat' dir='ltr'>ultima</span> <span class='ocrx_word' id='word_1_215' title='bbox 889 3525 1008 3598; x_wconf 84' lang='lat' dir='ltr'>claudit,</span> 
     </span>
     <span class='ocr_line' id='line_1_29' title="bbox 76 3608 1145 3729; baseline 0.001 -35"><span class='ocrx_word' id='word_1_216' title='bbox 76 3608 79 3729; x_wconf 52' lang='lat' dir='ltr'>i</span> <span class='ocrx_word' id='word_1_217' title='bbox 190 3633 276 3706; x_wconf 84' lang='lat' dir='ltr'>Quod</span> <span class='ocrx_word' id='word_1_218' title='bbox 299 3653 363 3704; x_wconf 85' lang='lat' dir='ltr'>me,</span> <span class='ocrx_word' id='word_1_219' title='bbox 386 3637 436 3716; x_wconf 88' lang='lat' dir='ltr'>qui</span> <span class='ocrx_word' id='word_1_220' title='bbox 457 3636 608 3716; x_wconf 77' lang='lat' dir='ltr'>dichymia</span> <span class='ocrx_word' id='word_1_221' title='bbox 631 3655 696 3698; x_wconf 88' lang='lat' dir='ltr'>sum</span> <span class='ocrx_word' id='word_1_222' title='bbox 718 3653 806 3704; x_wconf 87' lang='lat' dir='ltr'>usus,</span> <span class='ocrx_word' id='word_1_223' title='bbox 828 3635 897 3698; x_wconf 94' lang='lat' dir='ltr'>dum</span> <span class='ocrx_word' id='word_1_224' title='bbox 920 3635 977 3696; x_wconf 81' lang='lat' dir='ltr'>vita</span> <span class='ocrx_word' id='word_1_225' title='bbox 999 3633 1145 3704; x_wconf 82' lang='lat' dir='ltr'>manebat,</span> 
     </span>
     <span class='ocr_line' id='line_1_30' title="bbox 75 3741 942 3859; baseline 0.003 -56"><span class='ocrx_word' id='word_1_226' title='bbox 75 3746 79 3859; x_wconf 60' lang='lat' dir='ltr'>p</span> <span class='ocrx_word' id='word_1_227' title='bbox 188 3741 299 3817; x_wconf 78' lang='lat' dir='ltr'>trinos,</span> <span class='ocrx_word' id='word_1_228' title='bbox 323 3747 370 3807; x_wconf 92' lang='lat' dir='ltr'>cui</span> <span class='ocrx_word' id='word_1_229' title='bbox 393 3765 540 3826; x_wconf 89' lang='lat' dir='ltr'>nunquam</span> <span class='ocrx_word' id='word_1_230' title='bbox 563 3748 688 3826; x_wconf 88' lang='lat' dir='ltr'>decepto</span> <span class='ocrx_word' id='word_1_231' title='bbox 711 3763 810 3807; x_wconf 89' lang='lat' dir='ltr'>errare</span> <span class='ocrx_word' id='word_1_232' title='bbox 831 3745 942 3818; x_wconf 84' lang='lat' dir='ltr'>iicebit,</span> 
     </span>
     <span class='ocr_line' id='line_1_31' title="bbox 76 3852 976 3941; baseline -0.001 -26"><span class='ocrx_word' id='word_1_233' title='bbox 76 3890 78 3941; x_wconf 53' lang='grc' dir='ltr'>ἰ</span> <span class='ocrx_word' id='word_1_234' title='bbox 125 3863 170 3916; x_wconf 78' lang='lat' dir='ltr'>tlt</span> <span class='ocrx_word' id='word_1_235' title='bbox 188 3852 247 3914; x_wconf 83' lang='lat' dir='ltr'>lata</span> <span class='ocrx_word' id='word_1_236' title='bbox 271 3853 406 3916; x_wconf 85' lang='lat' dir='ltr'>multavit</span> <span class='ocrx_word' id='word_1_237' title='bbox 425 3873 532 3936; x_wconf 85' lang='lat' dir='ltr'>poena.</span> <span class='ocrx_word' id='word_1_238' title='bbox 554 3889 596 3900; x_wconf 91' lang='lat'><em>-</em></span> <span class='ocrx_word' id='word_1_239' title='bbox 617 3858 712 3935; x_wconf 74' lang='lat' dir='ltr'>Atque</span> <span class='ocrx_word' id='word_1_240' title='bbox 734 3873 788 3934; x_wconf 83' lang='lat' dir='ltr'>ego</span> <span class='ocrx_word' id='word_1_241' title='bbox 811 3855 879 3917; x_wconf 88' lang='lat' dir='ltr'>talia</span> <span class='ocrx_word' id='word_1_242' title='bbox 900 3853 976 3916; x_wconf 84' lang='lat' dir='ltr'>rati:</span> 
     </span>
     <span class='ocr_line' id='line_1_32' title="bbox 75 3961 859 4046; baseline 0.005 -25"><span class='ocrx_word' id='word_1_243' title='bbox 75 3978 78 4039; x_wconf 58' lang='grc' dir='ltr'>ι</span> <span class='ocrx_word' id='word_1_244' title='bbox 188 3961 324 4024; x_wconf 86' lang='lat' dir='ltr'>Vidistin’</span> <span class='ocrx_word' id='word_1_245' title='bbox 346 3973 462 4042; x_wconf 80' lang='lat' dir='ltr'>gentem</span> <span class='ocrx_word' id='word_1_246' title='bbox 485 3965 616 4046; x_wconf 79' lang='lat' dir='ltr'>captanti</span> <span class='ocrx_word' id='word_1_247' title='bbox 637 3983 711 4028; x_wconf 87' lang='lat' dir='ltr'>rana</span> <span class='ocrx_word' id='word_1_248' title='bbox 733 3964 859 4028; x_wconf 81' lang='lat' dir='ltr'>Senensi</span> 
     </span>
     <span class='ocr_line' id='line_1_33' title="bbox 186 4071 1149 4154; baseline -0.004 -21"><span class='ocrx_word' id='word_1_249' title='bbox 186 4071 370 4152; x_wconf 72' lang='lat' dir='ltr'>Aequalem?</span> <span class='ocrx_word' id='word_1_250' title='bbox 391 4075 467 4136; x_wconf 83' lang='lat' dir='ltr'>Huic</span> <span class='ocrx_word' id='word_1_251' title='bbox 489 4083 568 4138; x_wconf 88' lang='lat' dir='ltr'>certe</span> <span class='ocrx_word' id='word_1_252' title='bbox 590 4075 668 4138; x_wconf 87' lang='lat' dir='ltr'>haud</span> <span class='ocrx_word' id='word_1_253' title='bbox 690 4075 813 4136; x_wconf 88' lang='lat' dir='ltr'>muitum</span> <span class='ocrx_word' id='word_1_254' title='bbox 836 4091 909 4154; x_wconf 77' lang='lat' dir='ltr'>gens</span> <span class='ocrx_word' id='word_1_255' title='bbox 930 4074 1040 4136; x_wconf 84' lang='lat' dir='ltr'>Gallica</span> <span class='ocrx_word' id='word_1_256' title='bbox 1063 4073 1149 4136; x_wconf 88' lang='lat' dir='ltr'>cedit.</span> 
     </span>
     <span class='ocr_line' id='line_1_34' title="bbox 75 4104 928 4275; baseline 0.006 -34"><span class='ocrx_word' id='word_1_257' title='bbox 75 4104 78 4275; x_wconf 63' lang='grc' dir='ltr'>Ι</span> <span class='ocrx_word' id='word_1_258' title='bbox 227 4181 310 4244; x_wconf 72' lang='lat' dir='ltr'>diter</span> <span class='ocrx_word' id='word_1_259' title='bbox 330 4183 382 4246; x_wconf 85' lang='lat' dir='ltr'>ubi</span> <span class='ocrx_word' id='word_1_260' title='bbox 403 4184 514 4246; x_wconf 89' lang='lat' dir='ltr'>audivit</span> <span class='ocrx_word' id='word_1_261' title='bbox 535 4185 690 4248; x_wconf 85' lang='lat' dir='ltr'>scabiosus</span> <span class='ocrx_word' id='word_1_262' title='bbox 712 4185 781 4248; x_wconf 77' lang='lat' dir='ltr'>tatia</span> <span class='ocrx_word' id='word_1_263' title='bbox 802 4185 928 4248; x_wconf 81' lang='lat' dir='ltr'>fantem:</span> 
     </span>
     <span class='ocr_line' id='line_1_35' title="bbox 74 4290 1011 4385; baseline 0.001 -34"><span class='ocrx_word' id='word_1_264' title='bbox 74 4310 77 4385; x_wconf 70' lang='lat' dir='ltr'>p</span> <span class='ocrx_word' id='word_1_265' title='bbox 183 4290 311 4373; x_wconf 79' lang='lat' dir='ltr'>Excipe,</span> <span class='ocrx_word' id='word_1_266' title='bbox 333 4294 505 4375; x_wconf 84' lang='lat' dir='ltr'>respondit,</span> <span class='ocrx_word' id='word_1_267' title='bbox 528 4295 676 4358; x_wconf 79' lang='lat' dir='ltr'>Srnrucurt</span> <span class='ocrx_word' id='word_1_268' title='bbox 697 4295 869 4357; x_wconf 87' lang='lat' dir='ltr'>rescindere</span> <span class='ocrx_word' id='word_1_269' title='bbox 891 4294 1011 4355; x_wconf 86' lang='lat' dir='ltr'>doctum</span> 
     </span>
     <span class='ocr_line' id='line_1_36' title="bbox 74 4390 1268 4610; baseline 0.001 -147"><span class='ocrx_word' id='word_1_270' title='bbox 74 4390 168 4610; x_wconf 51' lang='lat' dir='ltr'>plau</span> <span class='ocrx_word' id='word_1_271' title='bbox 184 4401 356 4495; x_wconf 80' lang='lat' dir='ltr'>impensas,</span> <span class='ocrx_word' id='word_1_272' title='bbox 379 4404 466 4468; x_wconf 88' lang='lat' dir='ltr'>simut</span> <span class='ocrx_word' id='word_1_273' title='bbox 488 4411 578 4485; x_wconf 84' lang='lat' dir='ltr'>atque</span> <span class='ocrx_word' id='word_1_274' title='bbox 599 4411 751 4468; x_wconf 84' lang='lat' dir='ltr'>auctorem</span> <span class='ocrx_word' id='word_1_275' title='bbox 773 4404 875 4467; x_wconf 82' lang='lat' dir='ltr'>divitis</span> <span class='ocrx_word' id='word_1_276' title='bbox 896 4403 979 4465; x_wconf 87' lang='lat' dir='ltr'>ilium</span> <span class='ocrx_word' id='word_1_277' title='bbox 1262 4456 1268 4465; x_wconf 96' lang='grc'><em>,</em></span> 
     </span>
     <span class='ocr_line' id='line_1_37' title="bbox 1163 4499 1181 4552; baseline 0 0"><span class='ocrx_word' id='word_1_278' title='bbox 1163 4499 1181 4552; x_wconf 83' lang='grc'>8</span> 
     </span>
    </p>
   </div>
   <div class='ocr_carea' id='block_1_3' title="bbox 1172 4597 1226 4608">
    <p class='ocr_par' dir='ltr' id='par_1_3' title="bbox 1172 4597 1226 4608">
     <span class='ocr_line' id='line_1_38' title="bbox 1172 4597 1226 4608; baseline 0.037 -2"><span class='ocrx_word' id='word_1_279' title='bbox 1172 4597 1226 4608; x_wconf 63' lang='grc' dir='ltr'>-ο</span> 
     </span>
    </p>
   </div>
   <div class='ocr_carea' id='block_1_4' title="bbox 0 0 1566 5170">
    <p class='ocr_par' dir='ltr' id='par_1_4' title="bbox 0 0 1566 5170">
     <span class='ocr_line' id='line_1_39' title="bbox 0 0 1566 5170; baseline 0 0"><span class='ocrx_word' id='word_1_280' title='bbox 0 0 1566 5170; x_wconf 95' lang='lat' dir='ltr'> </span> 
     </span>
    </p>
   </div>
  </div>
 </body>
</html>
