3124 5170
554 439 749 492 tnrennonctt
767 441 835 492 llel.

82 544 85 593 Ι

81 596 85 743 i
146 665 176 716 lt
192 655 255 717 Nec
275 655 350 718 mibi
368 655 432 737 J'am
455 657 555 720 audita
578 667 625 720 est
646 658 721 722 adeo
743 667 939 738 praepostera
961 659 1070 722 bombo

80 755 84 871 1
189 765 319 839 Fistula,
342 765 392 828 ubi
414 767 531 846 pedites
553 768 729 848 equitesque
752 769 893 832 accedere
916 769 992 843 vidi3

80 874 83 961 l
191 874 277 936 Talia
299 894 360 936 non
382 884 507 950 terram,
531 885 581 938 ant
603 877 717 939 stellam
740 896 883 940 monuere
906 878 1023 940 carinas

80 986 83 1049 l
191 984 316 1048 Indicia.
337 1017 377 1028 -
399 985 517 1048 Interea
538 986 583 1048 sic
604 986 721 1065 agmine
743 987 974 1050 Daemoniorum

80 1064 83 1155 i
190 1094 242 1156 Bis
266 1094 357 1174 quino
380 1094 471 1156 cincti
493 1095 562 1170 (beu
586 1095 744 1158 comitatus
767 1097 858 1159 effera
881 1097 995 1176 turbal)

79 1218 82 1265 t
144 1210 173 1264 15
189 1204 252 1266 Nos
274 1203 414 1266 molimur
436 1204 493 1266 iter
513 1215 657 1266 nostrum.
703 1206 761 1270 Sed
784 1206 894 1286 templa
915 1209 1043 1286 petenda

79 1286 81 1354 l
191 1314 264 1376 Cum
287 1323 391 1376 sancto
413 1313 551 1388 veniunt,
575 1322 603 1376 et
626 1334 694 1376 cum
715 1315 838 1378 lurcone
860 1315 1011 1378 tabernae.

231 1425 270 1485 lt
291 1423 364 1485 mibi
385 1423 437 1504 pix
458 1424 590 1486 animum
613 1434 707 1486 totum
729 1424 890 1498 retinebat,
915 1434 946 1488 ut
967 1427 1055 1508 hujus

79 1528 82 1603 i
187 1533 299 1611 bulgae
321 1533 549 1613 introspicerem
571 1533 692 1613 penitus
715 1534 844 1597 claustra
867 1536 966 1598 omnia
989 1548 1019 1598 et
1040 1554 1159 1598 omnem

80 1718 81 1735 ἵ
188 1643 368 1716 Circuitum,
390 1661 446 1706 nec
468 1662 528 1706 uon
550 1655 671 1722 gentes,
694 1663 768 1724 quas
791 1653 892 1709 aestus
915 1645 1022 1708 adurit.

139 1765 172 1816 td
186 1751 253 1814 Non
278 1769 365 1814 secus
388 1771 423 1815 ac
444 1753 561 1831 signum
584 1753 741 1834 delphines
764 1755 892 1833 tergoris
914 1774 985 1816 areu

80 1883 82 1941 ς
186 1861 265 1924 llant
286 1873 409 1936 nautae,
432 1869 465 1924 ut
485 1870 587 1924 careat
607 1872 807 1944 properatque
830 1865 971 1926 reducere
993 1865 1114 1944 pinum:

187 1971 240 2036 Sic
263 1972 441 2053 quaudoque
464 1972 586 2052 aliquis,
610 1981 733 2052 captans
756 1972 898 2036 lenimina
920 1992 1045 2053 poenae,

186 2081 315 2144 llorsunr
337 2081 516 2144 ostendebat
537 2081 574 2144 de
597 2083 750 2156 sontibus,
773 2092 861 2164 atque
884 2083 940 2144 sub
962 2093 1046 2146 aestu

187 2191 368 2271 spumarum
388 2191 476 2271 piceo
499 2191 615 2254 celabat
635 2192 761 2272 fulguris
784 2193 888 2254 instar.

138 2307 170 2360 25
186 2307 230 2362 Ac
252 2300 343 2362 veluti
364 2320 455 2364 ranae
477 2310 557 2364 stant
579 2300 678 2364 lo'ssae
701 2303 732 2364 in
754 2302 886 2381 margine
909 2319 1022 2382 aquoso

79 2434 82 2486 ι
188 2411 248 2472 Ora
271 2409 474 2492 objectantes,
496 2411 683 2492 pedibusque
706 2419 736 2474 et
757 2411 894 2491 corporis
917 2411 998 2474 omni

185 2520 275 2584 Parte
296 2520 406 2584 latent:
428 2521 507 2584 baud
530 2521 670 2584 dissimili
691 2521 807 2582 rationo
829 2521 978 2602 modoque

185 2629 323 2711 Undique
346 2630 476 2692 damnati
500 2631 627 2694 stabant
671 2631 709 2694 Ut
730 2631 838 2693 adesse
858 2631 999 2692 ridebant

76 2642 80 2803 Ι
183 2741 250 2802 lam
270 2739 518 2820 barbacrispom,
541 2739 733 2804 retrahebant
755 2741 836 2803 ilicet
857 2750 939 2803 artus

76 2832 78 2907 l
137 2857 169 2910 st
185 2847 247 2910 Sub
269 2867 416 2928 spumam.
459 2849 541 2924 viai,
565 2859 595 2912 et
615 2869 663 2912 me
685 2869 764 2913 nnnc
786 2870 906 2931 quoque
929 2851 1062 2912 concutit
1082 2850 1197 2922 horror,

74 2950 77 3033 Ι
184 2959 362 3020 Cunctatum
384 2961 545 3039 quendam,
570 2960 630 3033 sic,
654 2968 686 3022 ut
708 2961 785 3022 sorte
806 2960 932 3034 accidit,
955 2978 1014 3022 uua

75 3040 77 3119 l
184 3068 257 3130 Cum
280 3086 352 3130 rana
375 3069 521 3148 allomeris
543 3069 684 3142 elabitur,
707 3087 766 3132 una
787 3078 937 3145 moratur3

74 3150 76 3223 l
184 3178 303 3258 Quique
325 3179 427 3242 aderat
447 3179 572 3260 propius
595 3189 697 3242 contra
721 3179 939 3259 Cynisarpagos
963 3178 1013 3239 isti

73 3244 76 3387 ἒ
184 3287 303 3350 Glutiue
326 3300 483 3350 concretos
506 3289 605 3352 crines
627 3290 789 3364 convolvit,
813 3297 843 3350 ot
865 3289 963 3368 ipsum

74 3404 75 3423 ¹
135 3407 167 3461 ³5
182 3397 265 3460 llore
287 3397 382 3460 lutrae
404 3399 538 3462 extraxit.
584 3399 763 3462 Cunctorum
786 3417 841 3478 ego
864 3409 963 3462 monte
985 3396 1122 3460 tenebam

72 3548 74 3565 .
182 3506 326 3582 Nomina,
349 3507 400 3571 ubi
422 3508 491 3571 lecti
515 3509 647 3582 luerunt,
670 3527 739 3570 uam
762 3525 910 3589 quemque
932 3507 1042 3580 notavi,

71 3596 74 3713 J
182 3615 219 3678 tn
240 3637 297 3697 qua
322 3617 450 3698 quisque
472 3618 562 3680 alium
584 3617 746 3682 vocitasset
767 3636 858 3691 voce,
882 3616 1025 3680 sciebam.

71 3738 73 3753 ¹
182 3726 299 3807 lnjicito
322 3727 393 3788 buic
415 3745 544 3806 ungues,
566 3727 712 3800 Rubicas,
735 3727 824 3789 simul
846 3746 899 3789 ore
921 3726 1087 3790 fremebant

70 3868 72 3881 ι
183 3835 312 3910 Tristes,
337 3837 433 3900 donec
455 3857 523 3902 eum
545 3837 658 3916 glubas.
681 3872 722 3882 —
746 3837 820 3898 Tum
845 3837 914 3900 talia
936 3837 1016 3900 ludi:

70 3900 72 4021 f
133 3951 166 4004 td
183 3944 214 4006 Si
234 3945 319 4019 lieet,
343 3965 362 4006 o
385 3947 521 4026 sapiens,
545 3947 591 4008 lac
614 3966 756 4028 quaeras,
780 3945 876 4027 qualis
899 3955 930 4008 et
951 3948 1029 4008 unde

68 4062 71 4165 Ι
181 4055 226 4118 Sit
246 4055 340 4118 miser
360 4056 426 4130 bic,
449 4056 586 4120 menibus
609 4075 696 4139 quem
719 4075 787 4118 sors
809 4055 921 4138 objecit
942 4057 1059 4120 acerbis

68 4168 71 4253 l
181 4163 305 4227 llostilis
328 4173 453 4230 turmae.
498 4167 572 4229 Tum
595 4168 654 4229 dux
676 4165 803 4228 accessit
826 4173 855 4226 et
876 4166 961 4228 illum

67 4284 70 4379 f
180 4275 324 4348 Scitatns,
348 4275 416 4356 quis
439 4275 492 4348 sit,
515 4275 582 4338 tulit
602 4276 678 4338 baec
699 4294 860 4356 responsa:
883 4277 1027 4337 Parentes

67 4394 69 4407 '
179 4383 224 4447 lle
244 4385 441 4450 ermunsstr
464 4385 559 4448 civem
581 4403 730 4465 genuere,
753 4385 893 4465 deditque
1147 4480 1186 4534 ὅ*
