3144 5164
84 347 88 443 Ι
585 394 720 448 rrnrnrsr
742 395 803 448 unu
906 355 910 364 ’

83 472 86 624 1
189 615 245 676 Hic
266 632 353 695 reges
375 621 487 676 tantum
509 633 556 678 me
578 615 751 693 designasse
772 633 827 694 per
847 615 951 679 orbern
992 643 995 650 ’

191 728 266 789 ram
287 725 406 798 multus,
429 725 522 786 virtus
543 741 648 802 regum
670 743 757 804 quam
778 741 845 788 rura
866 724 1012 790 bonorum
1035 738 1090 792 est.

233 836 293 898 Fac
314 835 354 896 ita
375 834 553 913 distinguas.
577 853 654 913 quae
676 834 754 908 dixi,
777 836 822 898 sic
844 852 963 916 qunque
985 855 1106 912 nosces,

129 955 176 1008 1⁰⁰
191 946 287 1008 Posse
309 963 430 1006 manere
452 944 550 1018 simul,
573 945 653 1024 qucd
676 963 731 1023 eqo
753 946 866 1007 sueram
889 955 957 1006 aute
978 946 1105 1023 insutus,

190 1055 228 1117 Et
250 1054 329 1134 quod
352 1053 389 1116 dc
411 1055 508 1132 primo
532 1054 683 1116 inmundis
703 1063 795 1134 patre,
819 1055 966 1136 simulque

190 1165 234 1226 lie
256 1164 309 1226 tihi
331 1163 440 1226 dilecto
463 1173 494 1226 ct
513 1163 613 1226 uobis.
657 1166 752 1244 Atque
774 1165 852 1227 istud
875 1165 911 1228 sd
934 1165 1029 1229 instar

190 1273 309 1337 Plumhi
331 1273 371 1334 sit
390 1273 511 1352 plantis,
532 1283 565 1336 ut
584 1274 665 1336 lento
687 1273 826 1336 incedere
847 1291 950 1354 passu,

192 1383 275 1446 More
297 1381 427 1446 hominis
450 1381 532 1458 lassi,
555 1401 722 1456 assuescas,
745 1383 771 1445 si
794 1384 871 1446 torte
892 1383 1059 1461 negandum

83 1518 86 1596 q
132 1511 176 1564 lun
193 1499 251 1555 Aut
271 1493 478 1554 affirmandum
501 1493 607 1566 veniat,
632 1493 710 1573 qucd
734 1492 846 1555 lumine
868 1494 1000 1556 nendum

192 1603 363 1683 Perspicias
386 1602 476 1664 clarc.
521 1601 684 1664 Stultorum
706 1604 851 1666 maximus
873 1603 924 1665 iile
946 1613 1000 1675 est,

194 1713 252 1786 Qui
276 1711 438 1792 quidquam
460 1713 610 1792 utrimque
632 1714 794 1776 affirmatas
816 1721 948 1792 negatae,
972 1713 1147 1795 priusquam

193 1822 371 1900 Distinguat,
416 1821 515 1894 Quare
536 1823 569 1884 nt
591 1841 692 1902 saepe,
714 1831 748 1884 ut
767 1831 867 1902 vergat
889 1822 1021 1902 iniquam

193 1933 238 1995 nd
260 1941 385 2012 partem,
407 1949 496 2011 quam
520 1931 610 1994 ccrde
633 1939 721 2004 tenet,
745 1932 892 1994 sententia
913 1949 1066 2012 praesens,

133 2052 179 2104 1111
194 2043 269 2105 liein
292 2041 422 2104 studium
444 2040 595 2104 obdurans
617 2042 748 2104 innectat
768 2041 885 2104 vincula
906 2043 1006 2108 menti.

237 2151 328 2232 Pejus
350 2167 440 2230 quam
462 2151 570 2213 trustra
593 2151 722 2214 discedit
742 2151 851 2224 littore,
875 2151 1011 2231 quisquis

195 2263 304 2323 Verum
326 2261 472 2341 expiscari
495 2261 602 2322 suadet
623 2260 691 2332 sibi,
714 2260 835 2324 nescius
857 2261 948 2334 artis3

196 2371 330 2451 Namque
353 2371 410 2432 iste
431 2369 510 2432 hand
533 2369 611 2443 talis,
631 2369 727 2450 qualis
751 2370 806 2432 rut
826 2377 904 2442 ante,
926 2369 1044 2444 redibit,

195 2483 292 2562 Atque
314 2481 398 2555 haec,
422 2471 498 2563 quae
520 2480 597 2553 dico,
619 2479 704 2543 vobis
726 2488 872 2544 testantur
893 2488 993 2561 aperte

136 2601 180 2654 115
195 2590 397 2662 Prnusnrnas,
419 2591 538 2664 Barrus,
562 2605 707 2669 mensque
729 2589 882 2652 obfirmata
905 2589 1037 2664 iiscrssr,

195 2701 233 2762 Et
254 2700 347 2774 multi,
370 2700 474 2778 ignari,
498 2718 557 2780 qun
580 2700 710 2771 tendant,
734 2717 830 2779 quove
851 2699 1002 2762 resistant.

196 2809 260 2872 Hcs
282 2810 486 2882 interfuerat,
508 2809 581 2872 mihi
603 2809 700 2882 crede,
725 2809 889 2880 Strenuus,
911 2809 1003 2872 Aruns

196 2921 293 3001 Atque
315 2919 358 2983 illi
380 2919 472 2990 stulti,
496 2919 662 2998 gladiorum
682 2937 767 2982 more
789 2937 892 2982 secare

197 3031 369 3110 Scripturas
391 3030 464 3102 ausi,
488 3037 565 3091 torta
588 3029 643 3091 sub
665 3029 794 3108 imagine
816 3037 917 3122 rectos

134 3155 180 3208 tun
195 3141 395 3203 Monstrantcs
416 3139 524 3202 vultus.
567 3139 696 3202 Nimium
719 3156 825 3201 secrrra
847 3141 978 3202 minutae

195 3250 334 3312 Nondum
357 3250 446 3312 etiam
468 3248 508 3310 sit
529 3267 615 3310 mens
636 3248 743 3328 plebis,
766 3267 832 3310 cum
852 3248 975 3329 judicet,
997 3259 1030 3311 ut
1052 3252 1103 3330 qui

194 3360 341 3422 Aestimat
360 3360 391 3422 in
415 3358 499 3421 sulco
522 3367 649 3438 segetes,
672 3357 723 3419 ubi
746 3359 855 3420 messis
877 3359 908 3420 in
931 3357 1022 3422 herba
1045 3370 1099 3433 est,

195 3471 328 3551 Namque
350 3470 478 3532 hiemem
501 3477 592 3530 tutam
614 3468 673 3531 vidi
695 3467 884 3548 rigidumque
906 3469 1048 3549 feroxque

197 3581 288 3642 Stans
309 3597 447 3660 prunum,
471 3579 550 3658 quud
574 3577 683 3642 deinde
704 3597 790 3640 rosas
812 3577 842 3641 in
864 3580 974 3642 vertice
996 3579 1138 3656 habebnt3

134 3695 180 3749 tas
195 3689 234 3751 Et
255 3689 383 3752 celerem
406 3698 548 3768 reatuque
567 3689 614 3750 via
635 3687 708 3750 vada
730 3687 808 3750 salsa
829 3697 981 3752 secantem

197 3798 329 3877 Cognovi
351 3799 463 3879 pinum,
487 3817 564 3878 quae
586 3807 691 3878 pcrtus
713 3797 815 3860 limine
837 3798 957 3879 inipso

195 3908 348 3987 Disperiit.
392 3908 476 3978 Quae
499 3915 566 3972 nata
586 3908 651 3981 init,
674 3907 822 3970 deducere
844 3908 951 3984 tanam,

196 4018 315 4090 Bertha,
338 4026 388 4080 aut
409 4026 558 4082 mercator
578 4017 730 4091 Martinus,
754 4019 876 4080 credere
898 4028 1009 4100 parcat,

197 4128 230 4190 Si
253 4129 349 4190 iurem
371 4127 451 4190 ridet
471 4128 561 4201 hunc,
584 4127 787 4190 cumulantem·
806 4127 909 4190 altaria
931 4129 1018 4192 donis

81 4272 84 4431 q
135 4250 180 4303 ltu
195 4237 291 4309 iilum,
314 4236 406 4300 divini
428 4257 462 4298 se
483 4256 574 4318 posse
596 4238 711 4300 intrare
729 4237 859 4300 latebras

196 4346 331 4410 Consilii.
375 4346 477 4408 Possit
498 4351 545 4410 tur
566 4363 697 4424 surgere,
721 4346 816 4409 labier
837 4348 904 4410 istc.

1043 4523 1052 4538 '
1109 4449 1140 4500 21
1314 4393 1318 4557 Ι
