3116 5162
381 393 757 502 *fficium
775 450 810 501 te.
1210 452 1251 518 15

77 646 81 819 ι
186 669 325 732 incedam
347 669 473 750 primns,
493 667 569 731 mihi
591 677 623 730 tn
646 687 748 730 eomes
767 670 813 731 'ite
835 669 997 733 secuntus.

141 789 169 844 lt
184 780 280 860 Atque
302 795 369 857 ege,
391 778 498 840 tnntnti
521 778 573 858 qni
595 777 654 856 legi
676 778 761 857 signa
784 778 905 854 coieris,

77 828 81 987 ι
185 888 267 951 nixi:
291 888 350 962 Qui
371 887 499 961 reniam,
521 887 602 950 situ
625 887 786 950 taminiae
808 889 913 968 palies,

78 1004 81 1113 p
185 997 232 1060 'l'n
252 994 732 1070 ‹tnx‚n1homtortuhinnttt
774 996 858 1060 natta
880 1008 984 1061 contra

78 1116 81 1175 t
184 1107 237 1170 liic
258 1105 349 1170 mihi:
392 1106 523 1168 {stenem
543 1105 604 1168 hac
623 1115 753 1168 extrem
776 1107 808 1168 in
829 1117 914 1187 perte
932 1109 1089 1190 jaccntnns

184 1219 287 1296 Anger
308 1217 354 1278 sic
375 1216 457 1278 iiiam
478 1216 742 1298 pietatem'pingit
763 1215 795 1279 in
816 1235 878 1290 cre,

137 1347 169 1399 tt
185 1327 281 1400 Quam
303 1335 335 1389 tu
356 1343 413 1407 prn
436 1333 517 1388 metu
539 1325 645 1388 habes.
687 1326 864 1406 Pergamus,
887 1325 1026 1390 namsia
1048 1326 1136 1408 longa

183 1436 280 1516 Cogit
324 1436 368 1498 ite
391 1434 517 1498 immisit
538 1453 607 1498 sese
629 1445 661 1496 et
681 1453 729 1498 nte
750 1435 847 1516 prima
867 1435 972 1498 subite

184 1543 320 1608 Claustra
342 1543 426 1607 orbis
445 1544 547 1626 jussit,
570 1544 712 1607 bnathro
735 1545 787 1626 qni
809 1544 941 1623 cingitur
961 1545 1023 1608 ilie.

80 1590 83 1681 i
185 1654 337 1728 Quantum
358 1653 422 1717 iiiie
443 1653 547 1716 andire
570 1653 636 1727 tuit,
660 1671 715 1734 pro
738 1673 890 1716 murmure
912 1656 1036 1718 iientnm

183 1763 294 1826 Nescio
316 1762 388 1846 qnid
411 1763 588 1842 gemebundi
611 1763 723 1836 inerat,
746 1781 805 1844 qne
827 1775 947 1828 aeterna
969 1766 1096 1830 sonabat

82 1824 84 1911 i
138 1889 167 1944 ιε
182 1873 260 1935 inre
285 1884 426 1936 tremene.
469 1873 534 1935 Hoc
555 1891 626 1936 enta
648 1873 709 1936 ciet
729 1874 910 1936 cruciatibus
932 1895 1039 1957 expers

82 1952 84 2007 i
183 1982 273 2045 corni
296 1982 426 2046 haerens
447 1983 568 2056 turbae,
592 2001 667 2064 quac
689 1985 781 2046 mnita
803 1995 834 2046 et
853 1984 975 2046 nemine
997 1985 1077 2047 clara

183 2093 392 2174 icfannrmquc
414 2092 519 2155 aderat
538 2097 799 2174 matronarumque
817 2094 985 2175 virumque.

224 2203 263 2264 tt
283 2203 358 2264 mihi
379 2210 574 2283 praeceptor:
597 2202 643 2264 Tu
665 2205 797 2266 nondum
818 2221 910 2266 nesse
931 2202 1050 2266 laboras

84 2354 85 2373 t
185 2311 363 2374 Umbrarum
383 2329 478 2391 genus
500 2313 574 2386 hnc,
597 2321 741 2392 quaeest
762 2321 898 2394 spectare
920 2311 1066 2376 incultas?

82 2388 86 2498 i
139 2423 258 2484 anime
283 2422 350 2484 vele
371 2421 482 2495 discas,
506 2439 595 2502 qnam
617 2423 723 2486 tendam
745 2421 897 2501 gressibus
918 2423 1005 2496 ultra,

82 2513 86 2565 ¹
185 2531 244 2593 lias
267 2549 338 2594 csse
358 2531 509 2594 immunes
528 2531 645 2612 cnipne.
691 2533 777 2606 Quoi
800 2532 827 2594 si
849 2551 911 2613 qna
927 2541 1078 2596 merentes

83 2604 86 2739 i
185 2639 287 2703 Erexit
307 2640 418 2714 virtue,
439 2659 503 2704 nnn
524 2650 572 2704 sat
592 2641 703 2704 iecisse
724 2643 855 2722 putentis
878 2651 941 2717 este

84 2764 86 2855 j
184 2749 318 2832 Namque
339 2750 392 2813 isti
412 2750 492 2814 haud
513 2751 634 2814 inerunt
654 2769 742 2814 sacre
764 2751 801 2816 dc
823 2753 905 2816 iente
926 2753 1031 2826 renati,
1118 2777 1121 2784 ⁴

185 2860 244 2924 Per
263 2877 353 2941 quem
375 2868 462 2940 perta
483 2869 567 2940 patet
586 2860 688 2934 Fidei,
712 2879 800 2942 qnam
821 2871 944 2943 pectore
965 2881 1077 2925 serves.

84 2956 87 3025 i
141 2987 169 3042 aa
186 2969 273 3044 Quod
296 2970 322 3032 si
345 2987 537 3050 praecessere
559 2987 647 3044 seve,
672 2971 751 3051 qnod
773 2971 895 3034 foedere
917 2972 1027 3035 Christi

84 3060 86 3145 i
185 3079 312 3159 iieiligie
332 3063 446 3153 sancit,
468 3080 601 3142 nendum
623 3079 744 3144 coluere
765 3099 947 3162 supremum,
1002 3123 1004 3132 =

186 3189 222 3252 Ut
242 3188 359 3264 decuit,
382 3207 508 3261 numen,
532 3207 608 3270 pnes
630 3189 835 3254 interversor
855 3199 886 3254 et
907 3191 983 3272 ipse.

185 3297 245 3360 lias
265 3307 392 3380 propter
412 3299 643 3373 mancias„ullc
666 3301 732 3363 sine
754 3300 880 3363 crimine
900 3301 988 3374 vitae,

185 3406 240 3470 iiic
260 3407 348 3488 plebe
370 3407 524 3489 deplorata
545 3429 665 3479 snmus,
687 3409 828 3492 nulleque
850 3409 954 3473 delere

83 3420 87 3577 i
140 3527 171 3579 tt
185 3517 294 3592 Laesa,
316 3517 378 3580 nisi
399 3518 510 3599 optatis
532 3519 612 3599 qued
634 3519 754 3584 undam
776 3538 867 3601 posse
888 3520 980 3602 potiri

185 3625 245 3690 Nes
268 3645 340 3708 spes
362 3627 442 3690 nulla
462 3639 573 3691 manet.
595 3661 637 3676 -
659 3629 733 3694 Cum
756 3630 825 3693 talin
845 3630 935 3694 verba
956 3630 1128 3711 toquentem

84 3722 87 3811 ἰ
188 3735 311 3810 Audivi,
335 3735 439 3817 ingens
461 3738 595 3818 percssit
614 3739 701 3801 ieter
720 3739 825 3803 intima
847 3741 964 3804 cordis:

84 3852 86 3967 p
186 3845 319 3928 Namque
341 3864 397 3927 age
418 3856 605 3928 praestantes
628 3850 720 3922 ianne,
743 3856 774 3912 et
795 3849 955 3913 virentibus
974 3851 1043 3914 aitis

187 3955 259 4018 Novi
281 3957 421 4020 homines
442 3975 495 4020 nra
517 3975 682 4038 snspensas
703 3958 813 4039 degere
834 3959 865 4022 in
886 3961 947 4024 ilia.
976 4005 979 4012 -

141 4072 172 4127 te
227 4065 282 4127 nic
302 4065 393 4140 mihi,
416 4079 609 4148 praeceptor,
631 4087 732 4132 rernm
753 4070 845 4132 tutela
867 4087 1010 4142 mearum,

187 4172 268 4238 'inne
290 4175 395 4256 coepi,
417 4177 444 4240 si
466 4195 555 4257 qnam
576 4177 679 4240 unierit
699 4177 818 4242 sincera
840 4179 986 4256 annuns,

187 4281 280 4345 Nesse
301 4283 420 4360 Fidem,
444 4303 538 4365 genus
559 4287 671 4350 strena
693 4307 751 4370 qna
773 4289 903 4354 vincitne
923 4309 1021 4366 omne,

83 4370 86 4441 ῐ
187 4391 333 4474 Numquid
354 4394 401 4457 es
422 4394 474 4458 nn
495 4395 553 4460 ruet
572 4397 705 4462 evenat
725 4399 772 4463 vn
791 4399 855 4463 nn

83 4427 1303 4620 &aa-*A
