3224 5166
965 353 1329 368 u—*a——e

91 416 93 439 ¹
593 408 774 460 tuattrolttl
792 409 829 459 tt.

91 488 94 537 l

91 589 95 632 ι
169 643 201 694 lt
218 629 373 706 Quemque
395 635 482 688 tuear
504 625 600 688 ocdis
621 634 709 706 atque
730 627 861 706 undique
884 628 1144 708 circumspectans,

217 737 367 816 llultaque
387 735 566 815 promittens
588 755 604 797 a
624 736 742 798 cuncus
763 736 839 798 litor
860 736 985 800 abibam.

260 847 316 908 llic
337 847 507 915 innarenn,
529 845 581 924 qui
604 843 659 906 aab
682 847 743 906 lere
763 845 883 908 brachia
905 843 993 908 Gatrn

218 957 261 1020 lle
282 955 382 1017 lacco
405 954 558 1026 occubuit,
580 955 655 1026 ridi,
679 953 790 1034 quique
811 955 921 1034 impete
943 972 1035 1017 coeco

219 1065 328 1128 liottee
351 1064 421 1126 dum
443 1064 626 1143 insequitur,
649 1063 820 1144 subiectum
839 1063 942 1143 mpms
963 1065 993 1127 in
1016 1083 1131 1127 amnem

171 1189 202 1240 lt
219 1173 382 1236 lnterclusa
404 1174 500 1236 aalma
521 1173 619 1252 periit.
662 1173 718 1234 llic
739 1189 806 1234 cum
828 1191 917 1252 prece
939 1173 1046 1237 marla

219 1283 364 1345 Attollens
386 1283 499 1362 palmm
520 1282 680 1344 Famntcus
702 1291 843 1362 auosque
865 1283 1033 1352 Novantur.

220 1393 281 1454 Nec
303 1411 364 1454 non
385 1392 511 1454 Prstacs
535 1399 674 1464 testetur,
696 1400 818 1471 pectore
840 1392 909 1454 lorti

220 1501 399 1564 manmena
421 1500 584 1564 eminuisse
605 1499 733 1572 bocum,
755 1501 906 1575 tardabam
929 1510 959 1564 et
979 1501 1051 1564 llnar

219 1610 284 1672 tici
307 1610 434 1672 animam
455 1609 591 1682 comitis3
613 1609 823 1689 disjunctaque
844 1629 971 1689 corpore
993 1609 1032 1671 ob
1053 1611 1127 1672 irem

169 1733 204 1784 tt
220 1719 324 1800 Atque·
337 1737 437 1782 acrem
458 1718 612 1791 invidiam,
635 1719 713 1780 eietrt
733 1719 864 1791 dicebat,
886 1727 915 1782 at
936 1719 996 1782 ulla

220 1828 340 1908 Absque
363 1847 416 1892 sua
438 1827 540 1907 mapa,
562 1827 651 1890 nobis
673 1828 769 1890 anima
789 1827 880 1890 altera
901 1829 980 1890 venit

221 1937 323 2000 Obvia.
365 1937 428 2016 Ego
449 1937 572 2000 Parare
593 1938 787 2000 Benacenses
809 1937 890 2000 hunc
911 1957 980 1999 esee
1001 1937 1141 2000 monebo.

220 2053 315 2128 Atque
338 2047 597 2126 humectarent,
620 2055 760 2126 superest
780 2047 850 2110 dum
872 2047 944 2116 rita,
966 2047 1120 2110 Bnaaaart

221 2158 347 2235 llegiaa,
371 2175 405 2218 ac
426 2156 540 2226 rideat,
564 2175 601 2218 ne
623 2156 709 2236 pejor
730 2175 763 2218 se
785 2163 903 2218 maneat
923 2171 1002 2231 grex.

170 2275 202 2328 at
263 2266 350 2328 Omni
372 2285 420 2329 me
441 2275 600 2345 postquem
622 2264 744 2326 dissolri
767 2265 899 2328 exercitu
919 2283 1021 2326 earum

220 2375 395 2438 Umbrarum
417 2383 569 2446 orantum,
592 2383 624 2436 ut
644 2375 778 2454 requiem
800 2374 857 2438 sibi
878 2372 1014 2454 supplice
1036 2393 1108 2436 roca

222 2484 440 2556 clarentem,
463 2483 502 2544 olr
525 2503 613 2564 qnam
635 2485 745 2546 mnctis
767 2503 834 2545 esse
856 2484 958 2545 liceret

223 2594 331 2664 Ocius,
354 2593 404 2655 lric
425 2593 526 2672 coepi:
551 2593 575 2654 0
597 2611 664 2656 mea
685 2592 749 2666 lux,
773 2594 912 2656 docuisse
933 2593 1049 2654 videtur

222 2704 351 2767 Omnino
374 2712 423 2764 tua
444 2702 527 2764 llttsa
548 2702 615 2764 loco
637 2721 698 2766 con
720 2721 811 2782 posse
831 2703 983 2781 precando

171 2823 204 2874 tt
220 2814 292 2876 Fata
313 2813 367 2874 liei
389 2813 484 2884 ilecti;
507 2821 604 2874 tamen
626 2812 657 2874 itl
679 2813 830 2890 gensitta
852 2811 985 2889 rogabat.

222 2923 343 2984 Frustra
366 2939 437 3000 ergo
459 2922 490 2984 lti
512 2917 657 3000 sperent?
676 2921 722 2982 An
745 2939 806 2982 non
825 2919 904 2984 hece
927 2921 1036 3002 scripta
1057 2929 1214 3000 ptuecunt

221 3031 260 3093 lli
283 3028 355 3094 tua?
376 3063 418 3076 -·-
439 3035 477 3094 at
498 3033 525 3092 is
547 3039 665 3092 contra:
688 3031 720 3092 Si
743 3030 983 3109 contemplabere
1004 3049 1076 3091 sana

222 3141 296 3202 ilem
317 3141 436 3220 penitus
457 3148 571 3213 mente,
594 3147 641 3202 est
662 3140 758 3202 lacilis
779 3137 945 3218 plenusque
966 3157 1101 3200 meorum

99 3230 102 3297 ἶ
222 3250 409 3329 Scriptorum
432 3269 555 3320 semus,
578 3266 675 3329 neque
697 3267 750 3310 eot
773 3265 843 3326 spes
865 3245 941 3308 ludit
961 3248 1069 3308 inanis.

99 3418 101 3439 ,
172 3359 354 3438 attilamque
376 3359 455 3422 hand
478 3358 633 3422 descendit
652 3358 794 3439 majestas
816 3375 930 3420 summa
952 3358 1075 3434 superni

219 3469 346 3542 ludicii,
370 3468 440 3530 dum
462 3469 552 3530 corda
573 3486 667 3530 urens
686 3468 731 3530 rit
753 3467 839 3544 ignee
858 3466 970 3526 amoris

221 3577 288 3640 Uno
309 3578 370 3640 ictu
392 3577 538 3648 absolvat,
562 3577 641 3656 quod
660 3577 765 3656 justus
787 3575 902 3638 solvere
925 3574 1022 3643 debet,

223 3687 401 3766 Quicunque
418 3688 473 3756 ,hic
494 3686 630 3750 ambulat.
674 3685 734 3748 Setl
754 3693 787 3748 ut
808 3693 855 3746 est
875 3685 1036 3752 sententia,
1059 3675 1146 3746 nem'o

222 3795 307 3886 Vitae
329 3796 505 3858 emendabat
525 3796 632 3858 veteris
653 3795 808 3857 meleiacta
829 3794 997 3872 precando:

98 3958 101 3974 .
171 3905 358 3984 cultamque
380 3905 441 3968 lleo
463 3906 642 3968 immensum
663 3904 835 3984 sejunxerat
854 3903 1039 3966 intervallum

98 3983 101 4009 ί
225 4013 375 4078 Orantem.
418 4015 457 4078 tt
478 4033 548 4078 vero
570 4014 661 4076 uatis
683 4013 811 4075 obducta
831 4011 963 4074 tenebris

98 4176 101 4209 Ι
222 4123 305 4186 [licta
327 4141 433 4193 arcam
454 4123 526 4188 mibi
548 4143 587 4186 ne
609 4121 733 4186 obfirma
756 4131 835 4184 certa
857 4131 969 4201 putere,
1011 4133 1014 4138 '

223 4232 258 4294 lii
280 4233 365 4312 prius
388 4234 417 4296 id
437 4234 560 4304 doceat.
585 4251 661 4312 quae
682 4232 733 4296 lux
753 4232 843 4294 micat
864 4232 942 4292 inter
962 4239 1116 4308 utramque
1152 4285 1155 4292 .

223 4341 291 4404 Veri
313 4341 463 4421 animique
485 4343 579 4405 lacem
602 4341 709 4403 nostri.
751 4343 847 4419 Atqne
869 4339 918 4402 lric
940 4340 1060 4406 nescio,
1082 4357 1119 4398 an
1141 4338 1220 4400 istud
1334 4312 1336 4359 ³
