3142 5166
561 410 742 466 tunultuiut
760 413 818 465 le.

190 632 339 712 Tempora
360 633 524 714 promerito
546 633 625 698 haud
648 633 789 696 dubitarit
811 635 930 712 cingere
951 643 1057 715 myrto.

191 743 271 806 Gens
293 743 376 805 illinc
397 744 530 806 Srurrnnr
552 761 671 823 quoquc
695 761 774 805 nune
794 761 843 804 me
866 743 987 806 nomine
1008 745 1096 807 dicit:

142 861 174 914 tu
191 853 311 916 cantavi
334 853 453 916 Thebas
475 863 505 915 et
525 852 624 930 magni
645 859 750 933 pectus
772 853 911 926 Achillis3

190 962 302 1025 Verum
322 964 380 1025 iter
401 964 564 1040 ingressus,
586 979 635 1024 me
656 963 736 1023 mole
758 971 912 1042 premente
933 964 1074 1038 secunda,

191 1070 353 1134 Succubui.
396 1072 530 1134 Fuemnt
550 1071 649 1135 ardori
673 1072 787 1134 semina
810 1080 912 1133 nostro

191 1179 346 1244 Scintillae
367 1190 489 1244 urentes
511 1199 595 1244 sacra
616 1199 683 1243 mea
705 1189 827 1264 pectora
848 1183 974 1256 flamma,

194 1289 278 1364 Quae
299 1290 381 1352 mille
402 1299 432 1353 et
451 1291 553 1371 plures
576 1281 642 1352 lnee'
663 1289 828 1352 illustrasse
851 1291 971 1353 ferenda
993 1301 1055 1364 cst3

144 1399 176 1454 li
192 1400 267 1463 Ilico
290 1419 366 1480 opus
387 1401 545 1474 Aeneidos,
568 1407 689 1462 tenerae
710 1401 783 1464 mihi
805 1399 908 1462 metris
930 1401 966 1463 ad
990 1403 1082 1465 instar

194 1509 282 1583 Quod
305 1511 368 1582 fuit,
392 1519 421 1572 et
442 1510 540 1572 nutrix
560 1509 644 1572 rude
666 1510 801 1572 officiosa
823 1517 946 1590 poetac3
1024 1541 1027 1546 ·

194 1620 263 1695 Quo
286 1621 351 1682 sine
374 1619 414 1681 nil
438 1621 533 1700 coepi,
557 1620 604 1682 cui
628 1619 790 1699 quidquem
811 1619 954 1700 ponderis
976 1631 1067 1684 esset.

192 1729 231 1792 Et
253 1729 323 1791 dam
345 1731 422 1792 inter
442 1737 559 1791 vestros
581 1729 748 1810 potuissem
768 1730 886 1792 vescier
906 1749 987 1805 aure,

193 1839 917 1918 WWQWMmmmm

130 1953 178 2006 ltu
196 1949 301 2023 Unum,
324 1948 399 2011 ultra
421 1967 509 2028 quam
532 1955 578 2011 est
598 1967 662 2028 par,
685 1948 780 2010 solem
800 1948 968 2028 producere
989 1969 1127 2031 poenam.

237 2059 333 2121 Verba
355 2058 412 2120 suls
434 2059 490 2121 ista
511 2075 595 2120 meus
617 2057 762 2120 convertit
783 2057 894 2120 lumina
916 2068 999 2121 rates

195 2170 230 2232 ln
252 2189 300 2232 me
323 2185 390 2232 oum
411 2169 474 2230 risu
496 2169 584 2230 tacite
606 2168 740 2230 dicente:
762 2166 872 2229 Siletol

195 2279 233 2342 tt
254 2278 356 2352 virtus,
380 2297 455 2359 quae
477 2278 546 2352 vult,
569 2295 629 2340 non
652 2277 751 2338 omnia
772 2295 864 2357 posse
886 2277 1014 2357 putanda
1037 2286 1091 2340 est.

136 2421 138 2426 ·
195 2389 285 2452 llisus
307 2389 388 2450 enim
410 2397 439 2451 et
459 2389 547 2450 fletus
567 2387 734 2467 pulsantem
757 2385 847 2448 corda
869 2387 964 2448 secuti

133 2497 179 2552 ¹⁰⁵
195 2499 316 2573 flamm,
340 2518 374 2561 ex
397 2517 456 2579 quo
480 2497 606 2577 quisque
628 2497 767 2577 erumpit,
788 2497 887 2559 minus
910 2515 944 2559 ac
965 2499 1064 2560 minus
1085 2499 1145 2562 illis

195 2608 275 2671 Sunt
295 2608 419 2681 dociles,
441 2608 534 2683 magis
558 2607 685 2684 ingenue
708 2607 759 2685 qui
781 2625 848 2669 vera
870 2607 1042 2686 loquuntur.

195 2717 330 2797 Namque
353 2733 409 2795 ego
432 2715 543 2780 subrisi
565 2717 685 2797 pariter,
708 2717 847 2779 nictentis
869 2717 906 2780 acl
928 2719 1040 2797 inaur;

197 2827 389 2908 Quapropter
410 2826 508 2888 subito
528 2843 632 2888 nocem
656 2827 841 2906 compescuit
862 2828 976 2903 umbra,

196 2937 235 3000 Et
256 2957 322 3000 mea
344 2935 509 3018 respiciens
532 2936 677 3016 quaesivit
698 2935 818 3011 lumina,
840 2938 892 3001 ulti
915 2938 971 3002 alta

135 3045 181 3100 ¹¹⁰
197 3047 305 3112 Gordia
327 3065 415 3110 sensa
437 3047 531 3125 magis
553 3046 831 3116 lucentmanifesta
854 3049 964 3122 tuenti3

197 3161 294 3238 napae
316 3158 428 3238 inquit:
450 3156 502 3218 Sic
523 3165 556 3218 tc'
574 3163 656 3218 tanto
678 3157 805 3218 feliciter
826 3175 899 3219 auso

197 3267 375 3331 Defunctum
397 3267 519 3338 referas,
543 3273 593 3327 tua
616 3285 670 3328 our
690 3267 734 3328 sio
756 3284 807 3328 ora
828 3267 948 3340 notavit,

199 3379 258 3452 Qui
279 3395 377 3458 nuper
396 3377 508 3448 micuit,
531 3373 637 3438 risusf
658 3409 701 3422 —
721 3377 807 3440 Nunc
828 3376 926 3440 luctor
947 3378 1110 3460 utrimque:

198 3487 255 3550 llic
276 3487 402 3550 reticere
420 3487 508 3567 jubet
527 3505 598 3566 pers
619 3503 686 3560 una,
709 3487 779 3548 inde
801 3485 892 3549 altera
913 3489 967 3550 lari

136 3601 182 3656 11⁵
198 3596 513 3676 Hortatur-precibus.
557 3595 658 3658 'facite
681 3615 769 3676 quem
791 3605 913 3678 pectore
936 3599 1013 3672 duxi,

199 3709 252 3770 Sat
273 3705 356 3768 dedit
376 3706 478 3778 indicii
500 3707 637 3786 gemitus.
679 3707 744 3770 lam
765 3708 838 3782 fare,
860 3709 1008 3788 maffl'ster.

199 3817 237 3878 Et
258 3835 296 3878 ne
318 3815 470 3890 formides,
494 3817 549 3892 ait3
573 3817 755 3898 alloquere,
777 3817 887 3898 illaque
909 3818 1003 3894 dices,

201 3926 284 4001 Quae
308 3933 365 3988 tam
387 3926 514 3988 sollicita
536 3927 675 4008 adjurans
697 3927 747 3990 hic
767 3947 840 3990 voce
862 3930 983 4008 rogarit.

244 4035 343 4110 Quare
365 4051 435 4113 ego:
460 4037 505 4100 l'u
527 4039 653 4102 fortasse
674 4045 760 4100 retus
779 4038 936 4102 miraberis
958 4039 1072 4114 umbra,

138 4153 185 4208 12⁰
201 4147 298 4220 Quem
320 4165 380 4207 non
403 4147 544 4221 continui,
567 4148 677 4223 risum3
699 4156 728 4210 at
747 4149 861 4229 majora
882 4157 1052 4230 stupentem

200 4256 245 4320 'fe
266 4256 397 4318 reddam.
441 4257 510 4331 lste,
533 4277 617 4321 meos
640 4259 743 4322 oculas
766 4258 817 4338 qui
839 4258 921 4320 ducit
942 4260 972 4321 in
995 4258 1096 4332 altum,

200 4367 260 4430 lstc
284 4367 515 4444 certissumus,
539 4387 599 4450 quo
621 4377 652 4431 tu
675 4369 798 4432 duetore
819 4385 948 4432 sonorus
