3116 5162
253 421 360 470 mm,
791 401 962 456 emeseno.

254 593 346 685 liam,
372 590 525 662 Dantis
551 585 789 682 nltignerii
817 585 934 660 ducem
949 583 1180 685 comitemque,
1195 597 1293 685 etqua
1309 585 1420 680 iham,
1443 587 1497 683 qai

254 710 419 809 quondm
444 707 563 780 cecinit
585 729 713 804 pnscoo
738 725 841 792 rure,
868 703 980 795 doceo,
1007 702 1107 779 etad
1133 705 1275 778 eundem
1300 715 1440 802 mtam
1465 703 1497 775 in

256 828 360 919 noris,
380 849 468 924 'quas
495 825 573 922 agit,
599 823 750 922 pertibus
773 821 1024 920 intelligendum
1035 823 1111 896 aliis
1131 833 1229 920 atque
1244 834 1341 896 antea
1355 821 1497 896 admini-

256 945 339 1019 culis
365 945 414 1017 uti
440 943 617 1018 databant
667 939 791 1014 Verum
816 942 961 1040 nequis
986 943 1072 1014 lorte
1098 942 1314 1034 deterreatur,
1342 967 1413 1040 quo
1440 941 1497 1014 mi·

256 1087 319 1138 nus
335 1063 433 1159 huius
449 1060 576 1157 Virgilii
592 1059 710 1134 liantei
725 1069 882 1157 sequntur
900 1061 1051 1156 vestigia,
1069 1061 1383 1158 summopereucarit
1397 1059 1498 1132 inter·
1551 1037 1552 1060 ¹

256 1207 334 1280 pres
359 1193 473 1254 noster
498 1179 662 1252 Piazza.
713 1177 745 1250 ls
772 1179 860 1251 enim
886 1179 948 1272 rin,
974 1179 1093 1252 studiis
1118 1178 1333 1252 hamanitatis
1359 1202 1402 1252 ac
1428 1177 1499 1250 lite·

256 1323 368 1374 rernm
394 1298 593 1395 elegantium
628 1297 821 1394 perpolitus,
855 1296 937 1369 nihil
970 1297 1105 1370 omnino
1131 1295 1374 1394 praetermisit,
1411 1295 1500 1394 quod

257 1416 520 1515 interpretationi
555 1415 692 1488 Latinae
726 1437 805 1487 suae
830 1415 983 1488 virtutem
1010 1417 1269 1513 dignitatemque
1301 1415 1500 1505 vindicaret,
1551 1415 1552 1428 ’

258 1559 322 1635 qua
338 1537 379 1608 ad
394 1534 594 1632 optimorum
610 1533 793 1606 canninrrm
807 1535 1035 1607 auctoritatem
1050 1534 1207 1607 accedere
1222 1535 1402 1606 rideretur.
1435 1533 1501 1605 Su·

257 1655 383 1752 peracit
393 1677 472 1726 sane
487 1651 826 1750 illudPropertienunr
839 1652 1017 1748 incoeperis
1032 1653 1178 1725 uoluisse
1193 1659 1246 1726 aet
1257 1663 1320 1739 eet,
1328 1673 1453 1750 neque,
1468 1659 1502 1724 et

258 1772 386 1846 Horatii
394 1771 502 1844 verbis
511 1781 655 1862 utamur,
670 1765 920 1868 dnussusoepit,
942 1771 1030 1869 quod
1045 1771 1177 1844 hrenneri
1193 1769 1280 1844 ierre
1294 1779 1501 1844 recrearent

360 1888 410 1961 Ne
435 1911 512 1962 vero
538 1888 613 1986 quis
639 1887 725 1981 illis,
758 1910 842 1987 quae
867 1913 967 1986 supra
994 1889 1035 1962 de
1061 1890 1171 1964 indole
1197 1890 1334 1962 liirinee
1361 1888 1502 1962 Comoe-

260 2007 333 2082 diae
360 2007 447 2100 alind
474 2017 610 2103 agentes
637 2001 790 2099 diximus,
817 2008 852 2080 in
878 2031 1025 2080 errorem
1050 2008 1193 2106 aliquem
1220 2009 1409 2101 inducatur,
1437 2029 1503 2079 nen

260 2125 448 2220 existimet,
482 2125 659 2200 Dantem
694 2126 822 2222 ipsum,
867 2127 1015 2224 quanrris
1048 2135 1159 2200 tantus
1193 2136 1325 2224 temque
1355 2125 1503 2222 praecla-

259 2269 317 2318 rus
355 2255 452 2340 poeta
494 2243 563 2336 sit,
604 2253 761 2341 tanquam
799 2243 865 2319 lide
904 2237 1181 2340 ὅρθοδοξοτάτῃ
1220 2256 1253 2318 et
1286 2243 1504 2317 Scholasticis

260 2361 399 2458 argutiis
425 2361 727 2459 subtilitatibusquo
753 2361 917 2435 initiatum
942 2373 1040 2461 etque
1066 2363 1240 2456 imbutum
1267 2388 1285 2436 a
1311 2371 1505 2436 nostrorum

261 2489 447 2577 temporum
474 2479 623 2552 moribus
649 2481 804 2576 omnique
838 2491 951 2553 nostra
983 2481 1237 2579 philosophandi
1271 2493 1305 2554 et
1336 2479 1504 2554 sentiendi

261 2599 388 2670 ratione
428 2597 494 2670 ello
536 2596 634 2668 modo
676 2596 880 2694 abhorrere,
922 2585 1030 2698 neque
1057 2600 1235 2699 quidquam
1260 2619 1336 2672 cum
1362 2597 1505 2674 caeteris

262 2725 450 2787 nostrarum
476 2713 663 2786 scholarum
689 2714 808 2788 studiis
833 2727 867 2792 et
892 2717 1040 2791 consiliis
1065 2729 1122 2791 ant
1147 2735 1314 2792 cumaeae
1336 2718 1421 2812 aeri,
1439 2739 1505 2816 quo

263 2855 325 2904 noe
353 2855 427 2904 curn
450 2831 590 2904 maximo
615 2832 766 2926 vivimus,
792 2833 926 2932 ingenio
952 2835 1074 2910 h'abere
1101 2836 1267 2934 conjuncti
1294 2837 1506 2934 cognatique,

264 2949 411 3047 exempla
448 2949 558 3048 aliqua
584 2950 815 3045 luculentiora,
860 2965 894 3026 et
924 2978 963 3027 ee
996 2955 1130 3054 quidem
1164 2979 1206 3028 ex
1232 2956 1303 3054 ipsa
1337 2953 1506 3050 theologia

264 3067 390 3141 Dentes
418 3066 570 3162 delibata,
596 3068 651 3141 bic
676 3070 740 3142 loci
765 3093 988 3170 proponamus
1014 3085 1048 3146 et
1072 3075 1182 3167 simul,
1209 3074 1322 3173 quanti
1349 3073 1394 3146 sit
1407 3071 1506 3170 pretii

265 3185 492 3283 interpretatio
519 3184 717 3283 Pisaeae,
751 3193 844 3288 quasi
870 3191 1234 3290 praelibandi'causse,
1267 3191 1507 3290 speciminibus

266 3327 364 3403 mum
390 3303 592 3377 brevissimis
620 3307 795 3382 doceamus
822 3319 856 3382 et
880 3310 1060 3384 firmemus.

367 3421 481 3494 Liceat
505 3423 606 3517 igitur
632 3422 718 3498 banc
750 3429 784 3499 in
811 3453 881 3500 rern
907 3451 947 3500 ex
972 3428 1153 3501 Piazcae
1177 3427 1330 3500 versione
1355 3436 1508 3524 repetere

267 3539 433 3634 insignem
465 3541 557 3614 illum
590 3541 736 3616 Paradisi
769 3545 877 3642 (XIX,
903 3547 954 3621 65
980 3556 1088 3645 seqq.)
1122 3547 1250 3639 locum,
1284 3547 1340 3644 qui
1374 3546 1410 3617 in
1436 3545 1508 3642 ipsa

267 3659 388 3756 pietate
408 3657 594 3734 Christiana
621 3661 766 3736 divinum
793 3665 957 3763 quendam
982 3675 1015 3737 et
1039 3689 1135 3738 verae
1161 3663 1374 3740 humanitatis
1400 3675 1435 3736 at
1454 3687 1508 3736 ve-

269 3797 325 3846 rae
357 3773 584 3874 philosophiae
618 3781 754 3854 odorem
787 3786 890 3880 spirat
922 3794 956 3856 et
994 3784 1067 3857 luca
1100 3782 1261 3856 libertatis
1297 3782 1509 3856 dulcissimae

268 3915 398 3966 antemos
424 3915 571 3968 omnium
597 3910 741 3974 recreat:

336 4159 347 4176 x
422 4109 462 4124 -
483 4077 526 4126 '—
549 4081 675 4156 Quidam
699 4083 862 4166 Gangetide
885 4087 916 4151 in
938 4107 990 4151 ora

422 4179 568 4258 Nascitur,
590 4193 679 4267 atque
700 4185 763 4250 illic
784 4206 872 4251 nemo
895 4197 949 4264 est,
972 4189 1023 4274 qui
1044 4189 1164 4252 nornine
1186 4185 1336 4250 Christum

424 4279 597 4364 compellet,
619 4307 716 4370 neque
738 4287 789 4370 qui
810 4289 917 4354 doceat
936 4291 1105 4372 scribatque
1127 4288 1281 4372 legatque;

424 4391 461 4446 nt
482 4387 556 4450 recti
577 4389 648 4454 huic
670 4409 778 4466 mores,
801 4399 832 4454 at
853 4392 954 4454 nescia
976 4391 1079 4456 tatere
1099 4391 1167 4466 rita,
