3116 5162
240 427 313 472 1le
794 407 968 462 Putssfltlt).

342 594 565 668 Novissimum
605 595 752 668 obtineat
790 595 900 668 locum
934 594 1050 666 eadem
1083 595 1240 687 nemetio,
1277 617 1373 693 quam
1411 621 1495 670 cum

243 713 316 784 aliis
343 712 540 810 quibusdam
565 711 702 786 Divinae
730 713 928 786 comoediae
953 712 1123 811 paniculis
1149 711 1326 787 Latinitate
1353 713 1496 788 donavit

243 829 455 904 doctissimus
480 830 684 942 Fauncmcus
711 829 886 930 Tesuu*):

313 1011 347 1061 'lo
447 1002 485 1064 Ut
506 1002 644 1064 comitem
667 997 765 1063 audiri
787 1011 956 1080 matresque
978 1000 1119 1080 virosque
1140 999 1298 1062 docentem

362 1102 525 1183 Antiquam
547 1117 641 1180 genus
664 1110 695 1164 et
716 1103 864 1166 dicentem
886 1101 1016 1173 nomine,
1040 1100 1113 1162 vicit

254 1195 256 1202 ’
363 1203 409 1265 lle
431 1205 527 1284 pietas
550 1204 697 1266 miserans
719 1212 964 1283 exter-natumque
986 1203 1106 1282 reliquit
1157 1244 1159 1248 ψ

363 1305 462 1366 Paene
484 1304 612 1366 animus.
652 1301 730 1367 Tum
753 1321 823 1384 ego:
846 1305 913 1377 lert,
934 1311 1026 1377 vates,
1048 1303 1122 1364 mibi
1145 1303 1236 1366 corde
1258 1304 1370 1385 cupido

364 1405 549 1484 Compellare
571 1405 672 1480 duos,
686 1403 736 1486 qni
759 1423 876 1486 urnaque
898 1405 1039 1485 levesque
1059 1404 1197 1466 videntur

196 1539 200 1556 ·
314 1519 346 1568 75
366 1507 464 1586 Usque
487 1506 561 1567 adeo
584 1507 724 1569 instantis
747 1507 886 1586 compelli
908 1507 1026 1569 llamine
1048 1507 1135 1568 venti.

364 1608 437 1682 Hoc,
462 1607 567 1687 inquit,
590 1607 716 1688 propius
739 1627 829 1688 quum
852 1608 987 1670 aderunt.
1031 1607 1116 1668 Tunc
1137 1614 1199 1669 tute
1221 1616 1328 1687 rogato

367 1709 473 1771 Coram
496 1709 622 1782 adstent,
645 1709 726 1771 illurn
749 1727 813 1789 per,
837 1729 895 1789 quo
918 1710 1074 1782 ducuntur,
1097 1725 1245 1771 amorem:

364 1810 539 1873 Adueniant.
582 1811 627 1871 Ad
649 1829 705 1872 nos
727 1827 798 1889 ergo
822 1829 911 1890 quum
933 1819 1037 1872 ventus
1059 1817 1166 1871 euntes

288 1957 290 1964 ,
365 1913 459 1974 Flexit
480 1929 580 1990 agens,
602 1929 657 1990 ego
679 1912 768 1974 talem
791 1911 878 1974 emisi
900 1920 1023 1992 pectore
1042 1927 1162 1972 rocem:
1259 1901 1263 1910 “

316 2013 391 2082 800
415 2013 541 2087 animae,
564 2021 681 2075 exercet
703 2013 840 2076 crucians
864 2031 938 2092 quas
960 2013 1045 2075 anxia
1066 2031 1173 2092 poena,

366 2113 401 2178 Si
422 2115 478 2176 lari
499 2115 577 2176 baud
600 2114 722 2175 vetitum
743 2113 839 2188 robis,
860 2114 920 2174 buc
941 2115 1043 2176 vertite
1066 2112 1201 2192 gressus!

367 2215 488 2290 Quales,
511 2235 587 2296 quos
609 2223 729 2278 revocat
750 2225 892 2278 natoruun
910 2233 991 2289 cura,
1014 2214 1170 2276 columbae

366 2318 410 2380 bd
433 2317 535 2380 nidum
557 2317 662 2398 pandis
685 2317 803 2379 dulcem
824 2317 1015 2396 immotisque
1038 2317 1173 2378 terantur

366 2419 439 2492 llis,
463 2428 570 2498 sponte
593 2421 651 2481 cito
674 2417 821 2480 findentes
844 2425 912 2480 adra
933 2417 1036 2498 lapsu:

317 2537 349 2588 85
367 2521 455 2582 Tales
478 2519 629 2598 extemplo.
648 2519 775 2597 digressi
799 2539 833 2580 ax
856 2519 982 2597 agmine,
1006 2519 1082 2581 Dido

367 2623 393 2683 lt
415 2637 544 2700 quocum
566 2619 678 2696 regina,
702 2619 795 2680 malas
816 2629 974 2700 properata
996 2637 1051 2700 per
1073 2634 1161 2684 euros

262 2798 264 2807 Ι
367 2722 462 2784 Ambo
485 2741 541 2782 nos
560 2721 643 2800 juxta
666 2729 782 2800 ponunt
802 2719 936 2798 vestigia.
979 2721 1108 2783 Tantum

368 2824 521 2886 Clamores
542 2821 645 2883 blandi
667 2831 792 2902 potuere
814 2831 844 2882 et
865 2823 991 2884 amentia
1014 2819 1109 2884 dictu!

369 2925 393 2986 Ο
417 2923 553 2985 animans
576 2923 679 2996 comis,
703 2923 753 3003 qui
775 2921 879 2985 invisis
900 2932 1000 2986 mente
1022 2923 1151 3001 benigna

368 3027 426 3088 Per
446 3025 512 3086 loca
534 3023 680 3086 subrubra
702 3023 883 3087 horrendum
907 3025 1054 3104 nigrantia
1076 3025 1143 3086 luce

251 3123 258 3139 “
317 3127 439 3200 saltos,
462 3127 529 3188 tuso
552 3143 676 3206 superas
699 3126 749 3207 qui
771 3127 916 3205 sangiune
937 3127 1078 3188 tinuimus
1101 3141 1187 3187 oras:
1225 3163 1229 3174 ·

369 3228 401 3290 Si
425 3228 513 3289 nobis
536 3229 633 3291 facilis
656 3229 755 3307 magni
778 3229 840 3290 ilex
861 3227 944 3290 orbis
968 3228 1097 3300 adesset,

368 3331 458 3392 Laeta
481 3347 673 3409 precaremur
694 3329 756 3402 tibi,
780 3337 884 3390 nostro
907 3329 1018 3410 quippe
1041 3329 1148 3398 dolori,

368 3432 437 3510 lpse
460 3430 564 3493 dolens
587 3439 737 3492 tantorum
759 3431 856 3492 animo
879 3433 1022 3492 miserere
1044 3429 1214 3492 malorum.»

318 3544 351 3593 95
371 3533 453 3604 Quae
476 3531 545 3600 dici,
570 3531 702 3594 audirive
724 3531 808 3604 velis,
832 3530 966 3594 dicemus
989 3541 1019 3593 et
1040 3532 1165 3592 iisdem·

370 3633 498 3696 llrrrsum
521 3651 608 3695 aures
630 3633 768 3696 dabimus
791 3633 889 3707 dictis,
913 3634 975 3696 tera
997 3618 1147 3696 munerum
1171 3631 1249 3694 venti

370 3735 445 3795 llum
468 3733 576 3795 sileant
598 3743 628 3797 ut
650 3751 738 3797 rrrrno.
784 3735 868 3808 Urbs,
892 3735 922 3798 in
946 3753 1003 3815 quia
1023 3735 1110 3797 hausi
1134 3731 1266 3796 aetheris
1288 3733 1358 3794 almi
1433 3791 1439 3798 .

369 3837 464 3896 buras
487 3835 616 3914 primum
639 3855 694 3916 ego
717 3847 793 3909 nata,
817 3837 911 3908 sedet,
934 3843 1091 3917 promptus
1113 3835 1144 3897 in
1167 3853 1280 3914 aequor

371 3937 436 4010 Qua
458 3955 526 3998 sese
548 3935 694 4000 Endanus
716 3937 806 3999 volvit
828 3937 993 4018 fluviosque
1015 3955 1171 4018 sequaces,

305 4056 352 4106 roo
371 4038 434 4100 Una
455 4046 488 4100 ut
510 4047 615 4100 cesset
653 4041 750 4102 umor
772 4048 875 4103 tenero
898 4039 948 4120 qui
971 4039 1003 4100 in
1025 4039 1115 4101 corde
1139 4047 1261 4118 repente

369 4138 528 4202 losinuans
549 4140 660 4211 haeret,
684 4140 762 4200 laune
784 4141 880 4202 forma
903 4141 1002 4221 coepit
1022 4141 1158 4212 honesta,

372 4241 454 4314 Quae
475 4241 548 4302 mibi
571 4248 653 4321 rapta
674 4260 748 4303 nece
771 4249 832 4316 est3
855 4248 884 4302 el
906 4242 1002 4305 adbuc
1024 4243 1111 4305 dolor
1131 4240 1210 4304 illius
1233 4241 1338 4317 ingens

318 4427 342 4483 *l
362 4429 535 4479 Columbae
553 4428 742 4480 belinensis
761 4428 776 4479 Ι.
795 4443 816 4479 c.
834 4441 858 4493 p.
876 4425 934 4478 245.
