3116 5162
540 478 737 532 rurenuonuu
756 481 791 531 rr.
1212 481 1251 546 17

84 573 424 581 ...-.———-—.-——-
433 571 1035 583 —————-——-—————---———.
1047 578 1102 584 ----
1112 579 1252 587 --q-u..

183 699 250 771 llle,
274 695 399 760 viden'?
420 698 471 760 illo
493 715 565 762 ense
588 699 731 778 insignis,
755 699 806 779 qui
828 699 924 760 tribus
946 701 1048 772 anteit,

136 819 167 874 85
182 808 330 870 lncedens
353 816 386 869 ut
406 825 474 880 rea,
496 809 657 888 Ep'icorum
679 808 824 871 maximus
846 807 897 870 ille
919 819 966 871 est

75 929 78 1019 p
183 919 377 990 Maaoumss3
400 919 532 980 hierus
556 927 720 998 satyrarum
743 919 881 981 conditor
902 917 984 991 alter,

75 1024 78 1107 l
183 1027 304 1089 Tertius
327 1027 351 1087 it
371 1028 469 1101 Naso,
491 1028 626 1089 bucinus
648 1045 728 1108 pone
750 1029 941 1108 propinquat.

74 1130 77 1223 l
181 1137 310 1198 Nomine
334 1137 460 1216 quisque
482 1155 543 1198 uno
564 1155 633 1198 nam
655 1155 772 1200 mamm
795 1138 936 1199 convenit
956 1147 1024 1212 una,

74 1230 77 1333 1
182 1247 270 1322 Quod
292 1265 351 1309 roa
370 1246 560 1326 concrepuit3
583 1255 699 1308 certent
719 1248 792 1308 mibi
816 1247 930 1308 solvere
952 1248 1097 1310 honorem

134 1370 166 1421 ltu
182 1355 296 1418 luridis
317 1357 419 1428 renui,
442 1366 473 1417 et
493 1355 612 1418 laudem
633 1373 689 1436 pro
710 1356 798 1418 laude
820 1363 983 1436 reportant.
1091 1422 1095 1430 ,

223 1464 276 1526 Sin
298 1481 354 1543 ego
375 1465 561 1545 praeclarum
582 1465 646 1527 ridi
666 1483 845 1528 concurrere
867 1475 994 1539 coetum,

182 1575 277 1648 Quem
299 1574 403 1636 docuit
425 1575 566 1655 princeps
588 1575 680 1636 divini
703 1576 851 1637 carminis*
867 1576 926 1648 ille,

76 1622 79 1807 Ι
180 1685 276 1765 Supra
300 1702 448 1765 quemque
469 1685 586 1757 volans,
609 1685 699 1746 veluti
721 1685 803 1746 Joris
826 1686 954 1764 armiger
974 1685 1046 1748 ales.

13 1807 16 1822 ·
77 1812 79 1845 t
180 1796 276 1876 Atque
299 1793 351 1855 ubi
373 1795 464 1856 multa
486 1794 575 1855 simul
597 1795 679 1855 tenui
702 1795 804 1857 dixere
827 1813 959 1868 susurro,

77 1888 80 1957 ἶ
136 1912 166 1966 ab
180 1904 226 1966 lle
249 1904 424 1965 circumfusi
447 1913 521 1965 nutu
544 1903 658 1965 salvere
676 1903 831 1984 jubebant.
889 1977 892 1984 Ι

77 2004 80 2059 l
181 2013 289 2076 Gratus
310 2012 349 2075 ad
370 2013 445 2075 baec
466 2013 528 2074 illis
549 2012 675 2076 subrisit
696 2014 780 2093 signa
802 2016 954 2094 magister.

77 2114 80 2163 t
180 2123 250 2184 Plus
274 2141 393 2203 quoque
414 2141 462 2184 me
485 2135 643 2194 ornarunt,
667 2123 780 2202 dignati
802 2125 955 2186 includere
977 2124 1082 2186 eodem

78 2228 80 2277 l
179 2233 226 2296 lle
247 2251 389 2306 numero,
412 2241 444 2294 ut
466 2243 567 2294 sextus
588 2234 681 2294 tentis
704 2251 770 2294 cum
793 2233 909 2295 retibus
932 2233 1017 2294 irem.

78 2338 80 2375 ¹
180 2345 275 2422 Atque
297 2343 339 2403 ita
360 2342 528 2422 progressi,
551 2343 666 2422 lampas
689 2359 746 2422 qua
768 2341 867 2404 lucida
888 2351 1044 2414 monstrat,

78 2430 80 2455 ¹
123 2457 165 2509 lot
180 2451 267 2513 Plura
291 2451 501 2531 loquebamur,
526 2469 601 2532 quae
624 2469 704 2529 nnuc
725 2452 852 2514 reticere
875 2451 1015 2514 decorum
1038 2461 1094 2524 est,

76 2527 80 2675 1
181 2562 245 2623 Νοιι
267 2579 358 2624 secus
380 2570 469 2642 atque
489 2561 542 2622 ubi
564 2569 636 2623 mne
657 2562 776 2623 aderam
799 2561 988 2624 sermonibus
1010 2562 1062 2623 nti.
1149 2577 1153 2586 ’

219 2671 339 2734 Nobilis
362 2672 398 2732 ad
422 2671 513 2733 turris
534 2671 651 2733 radices
672 2671 807 2733 venimus
829 2671 915 2744 imas,

181 2781 263 2855 Quae
287 2782 523 2861 septemgemino
547 2782 645 2842 stabat
665 2781 846 2848 circumdata
869 2796 954 2842 ururo

178 2890 242 2953 lite
265 2899 452 2969 assurgente.
495 2890 581 2953 llnnc
603 2891 696 2952 ambit
717 2891 883 2971 pellucidus
905 2891 1011 2961 amnis,

123 3000 164 3054 1⁰5
178 3002 308 3062 Acoessu
330 3001 506 3081 prohibens.
550 3002 638 3062 Ausis
660 3000 861 3062 transmittere
884 3017 1003 3062 cursum

78 3084 79 3129 ³
179 3111 259 3172 Unrla
282 3111 362 3172 riam
385 3111 507 3184 suerit,
531 3111 605 3172 duro
627 3119 660 3170 ut
680 3119 760 3172 terra
782 3110 866 3172 arida
889 3119 982 3189 tergo,

76 3168 80 3325 Ι
179 3219 292 3300 Hisque
315 3219 421 3301 sophis
443 3220 550 3282 mistus
572 3227 697 3300 septena
718 3239 774 3300 per
796 3220 873 3280 ostia
896 3235 1031 3297 gressum

76 3355 78 3375 ¹
178 3329 355 3402 intuleram,
378 3339 409 3415 et
429 3331 531 3392 multis
554 3329 585 3390 in
606 3337 691 3411 prata
714 3327 845 3390 recentia
868 3327 940 3390 rivis

176 3439 339 3502 Derenisse
361 3441 426 3501 brit„
448 3473 490 3486 -
512 3439 609 3501 Tarde
632 3439 818 3519 graviterque
840 3438 934 3500 tuenti

75 3594 78 3641 q
120 3558 163 3611 tlt
176 3549 254 3612 Gens
276 3549 366 3612 oculo
388 3549 438 3636 bic
460 3551 577 3621 ederat,
600 3565 674 3629 quae
697 3562 833 3626 magnam
856 3565 890 3609 se
912 3565 964 3609 ore
987 3546 1110 3618 larebat,

175 3659 269 3722 Raros
293 3658 467 3739 suaviloqua
490 3675 645 3721 sermones
666 3676 739 3719 voce
762 3659 870 3718 locuta.

74 3776 77 3823 l
176 3769 348 3831 instantem
370 3767 437 3850 cepi
460 3785 614 3832 secessmu
637 3768 668 3828 in
689 3775 774 3847 parte
795 3767 927 3838 reducta,

73 3834 76 3953 f
176 3879 305 3960 Campus
328 3877 381 3940 ubi
403 3878 537 3940 immisso
558 3885 751 3959 prospectum
774 3877 886 3938 lumine
909 3883 1043 3956 apertum

72 3965 76 4089 ,s
176 3987 316 4061 Praebet,
339 3996 373 4049 ut
393 3989 536 4050 adversos
558 3989 687 4066 legerem
710 3997 892 4066 cunctosque
914 3993 1060 4046 notarem.
1089 3969 1092 3976 ’

72 4136 75 4195 q
117 4099 161 4154 lla
215 4097 271 4160 llic
293 4097 383 4170 mibi,
407 4098 478 4160 darm
501 4105 633 4160 arrectus
655 4095 793 4158 undanti
816 4095 846 4156 in
870 4095 1004 4174 gramine
1027 4093 1150 4164 stabam,

72 4202 75 4291 j
176 4205 295 4285 llagnae
317 4217 388 4270 sunt
408 4207 526 4269 animae
549 4216 703 4279 ostensae,
727 4223 801 4286 quas
823 4223 942 4284 semper
963 4202 1072 4266 babere

13 4325 15 4336 '
72 4334 74 4399 p
175 4314 247 4378 Ante
270 4317 374 4378 oculos
397 4315 472 4377 mibi
495 4316 554 4378 erit
571 4315 740 4397 justissima
764 4333 869 4377 caussa
891 4314 1045 4394 triumphi.
1293 4326 1296 4473 p

176 4423 239 4486 viui
262 4425 307 4490 ire
329 4426 505 4500 Enacrnarr,
528 4441 634 4504 magna
657 4425 818 4487 eomitante
841 4432 968 4494 caterva,
1143 4455 1147 4460 ·
1293 4476 1295 4485 .

70 4412 104 4628 l
1058 4487 1296 4633 Δ
