3136 5164
605 389 740 440 Palttulsl
758 390 797 440 ltl.

866 481 1309 504 Ἣ

204 603 322 680 circuli,
348 606 397 668 uli
420 613 488 668 ante
511 607 574 678 luit,
598 625 654 669 ceu
676 627 762 670 cerea
785 608 964 672 candelabro

202 715 262 777 Fax
284 716 421 794 imposta,
444 715 534 778 stetit.
579 715 664 778 Tunc
684 724 754 780 aule
775 717 875 780 locuta
895 717 1018 782 lucerna

157 833 186 887 15
202 825 256 887 Est
277 825 375 888 audita
396 824 469 888 milri
492 823 651 888 subridens
673 825 741 890 talia
763 845 867 890 rursus

205 935 305 997 Ordiri
327 933 472 1000 exardens
494 933 618 1012 fulgenti
640 935 745 1014 purius
766 936 850 1014 igue:

246 1043 330 1106 Sicut
352 1061 406 1122 ego
429 1053 581 1106 aeternum
605 1045 774 1124 speculatus
796 1045 908 1108 lumine
930 1047 1028 1110 lumen

203 1154 293 1216 Istius
315 1153 351 1215 ad
370 1151 460 1234 jubar
481 1153 635 1226 incendor,
657 1153 703 1215 sic
725 1171 847 1218 cernere
869 1155 988 1236 inipso

203 1263 243 1326 lli
265 1263 361 1334 datan,
383 1262 462 1326 unde
484 1263 587 1336 fluant,
611 1281 687 1342 qnae
709 1263 821 1340 agitant
842 1273 892 1328 tna
914 1274 1044 1344 pectora,
1068 1285 1167 1331 curae.

155 1375 187 1426 Ἄ)
204 1373 250 1434 Τιι
271 1370 389 1434 dubitas
412 1378 567 1450 aptasque,
589 1379 623 1436 ut
643 1373 688 1434 sic
709 1391 848 1438 sermone
869 1376 981 1453 patenti

203 1484 299 1562 atque
321 1479 475 1560 explanato
496 1499 602 1544 rursus
623 1500 689 1544 urea
709 1481 799 1544 verba
821 1501 975 1563 reponam,
1100 1553 1114 1568 ί

204 1593 241 1655 Ut
263 1591 361 1671 capiat
381 1597 431 1654 tua
452 1609 564 1656 mene..
590 1590 656 1654 lam
677 1591 737 1654 scis
759 1591 835 1656 haec
855 1611 903 1654 rue
925 1603 992 1657 ante
1014 1596 1162 1662 locutum:

203 1701 330 1782 Plspna'a
351 1700 405 1764 uli
426 1704 542 1764 crescit.
563 1733 607 1745 --
627 1699 696 1762 Ncn
717 1705 893 1764 surrsclaae
913 1706 1075 1768 secundum

203 1812 228 1874 A
251 1821 347 1878 tuate.
368 1843 411 1856 ··-
432 1809 513 1872 llaec
534 1825 601 1870 ntea
622 1809 700 1872 dicta
723 1809 796 1872 salis
817 1811 1001 1890 distinguere
1022 1823 1151 1896 oportet.

155 1926 188 1980 ta
247 1921 331 1995 Quae
353 1937 454 1982 rerum
476 1937 620 1982 summam
642 1919 790 2000 sapientia
811 1920 873 1982 solu
896 1922 1040 2000 gubernat

205 2030 336 2094 Consilia
359 2037 450 2101 unte,
475 2035 506 2091 ut
526 2029 634 2092 mentis
656 2045 749 2106 genus
771 2047 860 2092 ornus
882 2039 997 2094 creatae

204 2140 397 2220 laspicienlis
419 2139 449 2199 in
472 2139 559 2211 hanc,
580 2146 648 2200 ante
669 2139 761 2204 imum
782 2147 903 2218 ungere
925 2141 1048 2203 lundum

206 2252 302 2324 Quam
324 2249 373 2322 sit,
396 2247 546 2320 deficeret,
568 2248 694 2312 rationis
715 2248 827 2310 lumine
848 2249 942 2324 riet03

205 2361 243 2423 Ut
265 2378 376 2441 sponsa
398 2357 488 2430 illius,
512 2375 601 2437 quam
623 2375 709 2420 sacru
732 2359 875 2436 sanguine
897 2361 965 2422 luen

157 2476 190 2530 at
204 2470 339 2534 duruerit
360 2469 425 2548 ipse
447 2467 514 2540 sibi,
538 2467 698 2532 clamorem
720 2488 756 2530 ex
776 2476 898 2548 pectore
920 2470 1033 2532 ducens

205 2580 313 2654 Altum,
336 2577 392 2642 sub
414 2577 510 2642 dulcis
532 2577 704 2656 complexus
726 2578 783 2640 iret
804 2579 929 2641 amantis

207 2690 311 2751 'l'uticr
331 2688 396 2768 ipsa
418 2687 487 2760 sibi,
509 2694 539 2752 et
559 2688 652 2766 magis
673 2687 732 2768 ipsi
753 2687 827 2760 lida,
847 2688 965 2750 duobus

206 2797 396 2878 Principibus
418 2797 508 2870 netis,
530 2797 647 2875 gemino
670 2797 748 2860 hanc
768 2797 914 2860 sclarniue
931 2799 1015 2879 juvit

204 2909 305 2988 Ipsam
325 2916 359 2973 ut
380 2907 520 2972 ductores
541 2907 613 2970 hinc
634 2907 704 2970 inde
727 2908 844 2987 utrique
867 2910 1032 2988 praeirent:

158 3029 190 3085 ³5
207 3019 340 3092 Quarum
362 3036 439 3082 unus
461 3017 610 3096 Superum
631 3023 711 3080 lctus
732 3018 865 3098 spirabat
885 3033 1018 3092 umcres3

205 3128 296 3202 Alter,
319 3127 367 3189 cui
387 3135 498 3190 vastant
520 3125 658 3206 implerat
678 3127 821 3207 sapientis
842 3135 981 3198 mentem,

207 3239 240 3300 ln
263 3238 350 3300 terris
373 3237 449 3300 coeli
471 3235 620 3300 referebat
640 3236 767 3314 imagine
789 3237 896 3301 lucem.

206 3346 309 3410 [licam
330 3365 438 3421 unum3
461 3347 630 3426 quicunque
652 3363 743 3408 unum
765 3345 934 3418 laudaverit
957 3345 1060 3408 ambos

207 3457 301 3531 Ilicit3
322 3464 448 3535 uterque
469 3455 579 3520 etenim
600 3455 636 3518 sd
658 3463 767 3518 meum
788 3455 929 3520 tendebat
950 3457 1084 3548 eandem.

157 3568 192 3620 4⁰
249 3567 330 3628 lutra
353 3566 501 3628 'lubinnm
523 3573 561 3640 et,
583 3583 659 3644 quae
682 3565 789 3628 collem
810 3565 945 3640 clabitur,
967 3568 1084 3642 undam,

208 3676 305 3750 Quam
326 3675 385 3738 sibi
405 3682 541 3738 narratur
561 3674 664 3738 sedern
684 3674 795 3754 legisse
815 3674 921 3738 heatus

208 3785 355 3858 Usuerna.
377 3785 492 3866 pendet
513 3785 605 3848 cliuus
627 3784 665 3848 dc
685 3791 787 3848 monte
808 3785 940 3864 praealto

168 3971 173 3978 .
209 3895 337 3969 Fertilis,
360 3911 502 3958 exercens
524 3892 687 3958 Perusinos
710 3893 830 3973 angore,
853 3903 884 3956 et
904 3906 987 3962 aestu

207 4004 233 4066 Α
254 4011 340 4084 porta
360 4004 445 4078 solis,
468 4013 607 4084 retroque
626 4003 732 4084 jugum
753 4022 841 4083 grave
862 4005 945 4084 luget

156 4123 191 4179 45
207 4113 335 4176 Nuceria
357 4122 386 4176 et
408 4113 548 4178 Gualdns.
592 4114 657 4186 Qua
678 4112 746 4193 plus
768 4114 839 4176 hnic
861 4115 952 4178 ardua
975 4114 1050 4179 clivo

209 4224 322 4286 Semila
343 4243 376 4286 se
397 4224 516 4302 frangit,
538 4224 584 4286 sul
606 4222 694 4286 terris
715 4223 798 4287 lulsit
820 4224 952 4299 obortus,
982 4265 985 4274 ·

211 4331 315 4406 Qualis
337 4351 550 4415 nonnunquam
573 4349 698 4412 surgens
720 4333 883 4412 Gangetide
904 4334 941 4397 ab
964 4353 1026 4400 cra.
