3116 5162
234 399 270 442 x,
771 377 944 432 rmerurru.

234 563 322 636 libus
356 563 552 660 scripsisse,
585 585 701 636 rerum
732 562 900 638 nobismet
932 562 1031 636 ctiam
1062 564 1224 659 posteris,
1258 587 1343 661 quos
1367 576 1478 640 tantm

234 705 347 756 rerum
380 693 448 755 tam
475 681 618 754 civilium
645 705 743 779 quam
769 704 939 771 sacrarum
963 680 1079 755 turbae
1112 677 1342 781 procellaeque
1368 686 1479 780 exagi-

235 811 324 893 tant,
357 825 474 874 versus
507 825 586 872 suos
621 800 777 874 divinitus
812 801 1057 897 composuisse,
1096 799 1233 896 uberius
1272 801 1480 876 demonstre-

235 942 331 1011 mus,
357 919 417 992 rivi
440 917 512 1015 jam
536 917 709 992 claudendi
736 927 824 992 sunt
875 917 964 1011 Nae,
997 941 1154 1016 perquam
1179 917 1321 993 libenter
1344 921 1479 1016 longms

235 1038 530 1134 progrederemur·
547 1047 580 1109 et
614 1037 649 1108 in
683 1037 783 1110 alium
817 1047 913 1134 atque
946 1046 1042 1110 antea
1075 1061 1226 1136 campum
1260 1039 1480 1112 descendere·

235 1178 322 1248 mus,
349 1155 406 1228 uhi
433 1177 591 1253 praesens
618 1155 779 1252 quaedam
812 1155 853 1228 ad
885 1156 985 1228 vitam
1012 1179 1221 1230 communem
1246 1156 1383 1236 Divinae
1418 1157 1481 1230 Cu·

235 1273 384 1346 moediae
411 1274 535 1346 utilitas
562 1273 739 1369 conspicua
765 1284 827 1367 est,
853 1283 1024 1371 statusque
1050 1275 1217 1348 societatis
1243 1275 1409 1348 humanae
1435 1278 1480 1348 ci·

234 1394 330 1486 vilis,
358 1393 415 1490 qui
440 1392 582 1494 dicitur,
609 1391 781 1488 multiplici
807 1392 905 1466 modo
932 1391 978 1466 ita
1004 1393 1186 1466 illustratur
1211 1402 1245 1466 et
1270 1395 1480 1490 expenditur,

235 1521 273 1584 ut
297 1510 536 1612 propemodum
570 1511 675 1582 nostri
708 1510 813 1607 ipsius
844 1512 1002 1608 temporis
1044 1511 1251 1584 conditiones
1286 1537 1481 1610 repraesen-

235 1639 321 1702 tatae
353 1630 536 1702 rideantur.
594 1627 819 1727 Quapropter,
852 1629 941 1726 quod
966 1628 1179 1704 vehementer
1204 1630 1301 1703 nubis
1325 1632 1482 1730 cupimus

236 1747 356 1840 licere,
397 1748 431 1820 id
467 1747 574 1820 solum
618 1747 722 1822 instar
746 1747 901 1844 ‘exempli
942 1747 1123 1841 addemus,
1165 1747 1317 1824 divinum
1348 1761 1483 1847 poetam

235 1867 387 1939 nostrum
414 1865 547 1963 (Parad.
576 1863 662 1958 Xlll,
688 1867 738 1940 97
765 1867 871 1964 seq.):

368 1999 430 2045 '-
451 2033 494 2051 -
514 2033 555 2044 —
578 2019 665 2078 reges
688 2001 862 2080 designasse
883 2019 938 2081 per
959 2001 1062 2063 orbem

389 2102 462 2165 Tam
483 2101 603 2176 multos,
625 2101 719 2164 virtus
742 2119 845 2181 regum
867 2119 954 2181 quam
976 2119 1043 2164 rara
1064 2101 1212 2164 bonomm
1232 2109 1289 2177 est,

238 2248 271 2311 et
297 2239 408 2310 dolere
434 2237 628 2331 huminum,
662 2237 857 2336 praesertim
891 2237 1048 2311 ditiorum
1072 2247 1107 2309 et
1130 2237 1374 2334 potentiorum,
1409 2263 1485 2310 ara·

236 2357 346 2430 ritiam
373 2368 407 2429 et
431 2357 561 2453 plebem
587 2367 722 2429 tenuem
743 2379 988 2454 pauperemque
1014 2356 1055 2428 ad
1076 2355 1194 2429 incitas
1216 2355 1390 2452 redigendi
1414 2368 1485 2429 stu·

238 2475 331 2550 dium
359 2475 475 2570 (Purg.
502 2475 586 2568 xlv,
613 2476 665 2548 80
689 2476 822 2573 seqq.):
946 2510 950 2519 ν

389 2643 431 2654 -
451 2641 495 2656 -ν
517 2609 543 2671 0
566 2607 686 2670 soboles
707 2607 846 2681 humana,
870 2607 940 2686 quid
963 2625 1067 2670 omnes

390 2711 525 2772 intendis
548 2729 643 2782 curas,
667 2709 795 2782 inhians,
820 2727 896 2788 quae
914 2709 982 2790 jure
1003 2709 1121 2773 vetandi

391 2811 533 2885 Poscunt,
556 2819 586 2872 et
608 2809 741 2891 quemvis
763 2819 933 2872 consortem
955 2829 972 2872 a
994 2810 1103 2872 finibus
1125 2809 1243 2872 arcent!

240 2976 274 3037 et
306 2985 457 3036 moerere
490 2962 658 3036 miseriam
683 2985 865 3061 pauperum
897 2973 932 3035 et
963 2987 1164 3058 egenorum,
1205 2963 1263 3060 qui
1292 2961 1362 3060 jour
1396 2963 1486 3036 clau·

241 3081 369 3156 destino
392 3082 534 3180 quodam
550 3081 633 3183 balio
657 3081 774 3154 contici
796 3080 969 3154 rideantur
985 3080 1120 3178 (Parad.
1134 3081 1247 3174 xvtu,
1265 3082 1335 3156 115
1353 3083 1483 3182 seqq.):

392 3217 457 3280 iios
479 3216 576 3280 iuerat
598 3217 748 3298 quondam
770 3215 877 3296 gladiis
897 3215 1010 3278 bellare
1032 3215 1172 3290 cruentis,

395 3318 526 3380 Nostri
548 3319 627 3380 bella
649 3325 756 3398 gerunt
776 3315 921 3398 rapiendo
943 3317 1106 3380 hincinde
1128 3315 1226 3378 domei
1269 3372 1275 3386 ,

394 3419 516 3494 Panem,
540 3439 626 3500 quem
650 3419 724 3482 nulli
745 3418 839 3499 patris
860 3417 911 3500 pia
932 3417 1194 3482 dextera'claudit.

343 3571 387 3643 Ut
410 3570 553 3668 denique
579 3571 765 3664 redeamus,
792 3570 880 3644 unde
907 3569 1050 3666 digressi
1075 3593 1202 3660 sumus,
1218 3579 1329 3668 aupue,
1348 3569 1394 3643 de
1411 3595 1486 3667 pro·

243 3690 330 3762 sanis
356 3690 518 3762 adsuere
544 3690 680 3781 reversi,
708 3691 740 3762 iu
768 3699 914 3762 extrema
940 3699 1033 3790 purte
1058 3697 1091 3761 et
1116 3689 1329 3760 conclusione
1356 3687 1486 3761 consilii

244 3808 348 3880 nostri
372 3811 443 3880 non
469 3807 675 3905 proferamus
702 3809 767 3880 uisi
794 3807 989 3902 dignissime
1016 3807 1124 3879 divino
1151 3817 1301 3903 poemate
1328 3805 1485 3904 aequasi

246 3949 401 3998 coronam
428 3925 488 4018 iis,
522 3951 606 4024 quae
632 3926 875 4024 excerpsimus,
902 3926 1129 4023 imponamus,
1156 3925 1270 3998 audire
1297 3923 1398 3997 libeat
1429 3924 1487 3997 ali·

246 4068 343 4142 quam
376 4043 515 4138 symboli
556 4043 725 4142 cujusdam
766 4044 936 4142 apostolici
976 4043 1167 4142 particulam
1208 4043 1340 4141 (Parad
1374 4043 1487 4136 XXIV,

248 4165 320 4238 118
346 4165 474 4260 seqq.):

401 4347 445 4358 —
467 4345 507 4358 -
530 4347 567 4358 -
592 4314 663 4375 niti
687 4313 819 4376 creditur
839 4315 960 4390 unicus,
983 4333 1060 4376 rinus

402 4415 608 4522 dcternusque
630 4415 720 4490 licus,
744 4415 795 4496 qui
817 4423 911 4478 toturn
932 4415 1010 4479 haud
1034 4423 1132 4478 erotus
1156 4415 1313 4495 Olympum
