3124 5170
311 461 354 525 42
707 449 711 458 “
754 463 947 515 rurmuoeun
965 463 1004 514 rr.
1485 482 1487 497 ·

327 693 362 744 to
421 681 470 743 fit
491 701 625 763 quoque,
647 681 734 746 utin
756 701 788 744 se
811 681 920 763 aliquis
941 681 1089 746 violentus
1112 684 1239 758 saeviat,
1262 694 1384 748 autres
1484 690 1487 773 j

379 789 412 853 fn
434 792 589 872 proprias3
612 811 704 874 quare
725 799 773 855 est
793 809 863 872 par,
886 794 964 873 septi
986 801 1020 856 ut
1040 794 1071 856 in
1093 794 1166 856 orbe
1189 795 1313 858 seeundi

378 901 500 964 Frustra
522 903 689 982 poeniteat,
713 902 764 981 qui
786 901 893 965 vestris
915 921 949 963 se
972 904 1084 984 expulit
1105 904 1177 976 oris,

380 1011 439 1086 Qui
461 1012 596 1091 indulget
616 1012 686 1074 fudo
709 1019 797 1092 atque
819 1029 871 1074 aes
893 1008 1089 1093 fortunasque
1109 1013 1273 1094 profundit,

378 1121 517 1202 fletque,
539 1121 591 1184 uhi
609 1122 772 1203 jucundam
794 1129 899 1202 posset
919 1122 1086 1202 producere
1107 1123 1207 1186 vitum.

328 1235 361 1288 to
421 1233 476 1294 fist
495 1231 607 1296 inferre
629 1232 691 1294 Deo
712 1230 786 1305 vim,
811 1231 837 1292 si
860 1231 928 1312 quis
950 1232 1041 1294 eorde
1061 1243 1193 1312 negaret,

378 1343 465 1404 Hunc
487 1361 555 1404 esse
578 1341 608 1402 iu
631 1341 729 1412 ooelo,
752 1350 783 1402 et
803 1339 959 1403 maledieta
983 1351 1072 1422 etque
1094 1341 1187 1424 impia
1207 1343 1296 1406 verba

380 1451 466 1513 Hono
487 1460 590 1514 eonua
612 1449 758 1523 effundat,
781 1457 917 1512 uenirem
940 1463 1064 1532 spernat
1084 1459 1116 1514 et
1136 1452 1226 1532 hujus

264 1541 267 1548 ¹
380 1561 551 1641 Ingenium,
575 1560 711 1622 anctifion
732 1559 866 1623 bonitate
884 1560 988 1641 juvare
1010 1569 1156 1641 paratuum.

380 1653 505 1752 Septem
526 1671 596 1733 ideo
617 1669 773 1732 minimum
795 1670 937 1732 Sepone
959 1670 1106 1751 imprimit
1126 1679 1215 1752 atque
1238 1673 1375 1735 Genesar

329 1785 363 1840 oo
380 1782 520 1860 Signum,
543 1778 756 1860 spementique
777 1779 871 1842 fieum
892 1779 998 1854 eorde,
1022 1798 1074 1842 ore
1096 1782 1211 1844 fatenti.

421 1891 582 1963 Frondem,
606 1898 710 1950 ennete
733 1907 787 1951 suo
811 1908 886 1968 quoe
907 1889 988 1951 rodit
1009 1890 1131 1953 conscia
1152 1909 1255 1954 morsu

378 2001 520 2074 Pectora,
544 2000 641 2062 tendit
660 2000 766 2072 homo,
790 2016 857 2060 uun
878 1999 934 2060 hos
957 2012 987 2060 et
1009 2017 1076 2062 eum
1098 1999 1213 2081 decipit
1232 2001 1302 2062 ilios
1485 1918 1489 2057 1

379 2110 542 2174 Credentes
563 2109 669 2184 nimis,
693 2117 782 2190 atque
804 2107 918 2189 ipsum,
941 2109 992 2189 qui
1015 2110 1136 2172 nomina
1157 2110 1270 2191 scripte
1485 2064 1489 2179 1

378 2221 445 2282 Non
463 2220 539 2302 jecit
559 2219 591 2282 io
611 2219 737 2282 ioouios.
780 2219 867 2281 Ratio
889 2218 963 2281 haec
983 2227 1135 2300 postrema
1158 2219 1274 2282 ridetur

328 2335 361 2390 55
378 2331 478 2394 Altera
499 2349 581 2393 mors
602 2329 731 2403 homini,
754 2327 793 2390 ob
814 2327 960 2403 vinnium,
984 2329 1063 2410 quod
1085 2329 1209 2409 provide
1230 2329 1325 2392 neotit
1484 2182 1489 2512 Ι

378 2440 499 2504 Natura.
543 2439 620 2502 Hine
641 2438 745 2502 nidum
767 2437 827 2501 sibi
848 2439 934 2518 ponit
956 2438 986 2499 in
1009 2439 1083 2502 orbe
1105 2440 1237 2502 seeundo

378 2549 505 2629 Reffigio
528 2548 681 2623 simulato,
704 2548 832 2629 loquens
853 2547 983 2622 mellita,
1007 2567 1180 2631 nocensque

378 2661 449 2721 Arte
470 2677 572 2738 maga,
595 2669 658 2722 tum
680 2658 754 2721 falsa
778 2675 897 2730 serens,
921 2658 1045 2722 fortiore
1065 2659 1189 2740 potitus,

380 2767 439 2842 Qui
460 2786 546 2830 soora
568 2777 717 2830 mercatore
738 2767 863 2829 Sruoms
886 2785 969 2831 more
990 2769 1119 2850 profani,

328 2886 362 2938 to
379 2877 481 2951 Leno,
504 2877 662 2958 deceptor,
685 2875 854 2973 similisque
875 2877 923 2939 his
945 2879 1068 2942 sordida
1089 2878 1181 2942 labes.

421 2989 475 3050 det
495 2985 576 3049 aliud
599 2985 712 3050 frondis
734 3005 829 3066 genus
852 2987 935 3050 illum
957 2988 1072 3070 speruit
1093 3007 1235 3060 amorem,

379 3097 476 3171 Quem
498 3105 601 3160 natura
624 3106 720 3168 orent,
743 3106 805 3160 tum
826 3097 878 3177 qui
900 3115 992 3178 super
1013 3097 1150 3173 adoino,
1173 3098 1252 3162 unde

378 3207 464 3270 Priva
485 3206 561 3270 fides
583 3215 692 3269 manat.
737 3208 927 3289 Quapropter
948 3208 979 3270 in
1001 3209 1074 3271 orbe
1096 3209 1222 3279 minore.
1486 3248 1489 3319 1

378 3317 432 3380 Est
452 3317 504 3380 ubi
528 3317 678 3378 terrestris
701 3319 855 3398 compagis
876 3337 970 3398 seque
991 3326 1140 3386 rotantem
1486 3324 1490 3419 1

328 3431 361 3485 tto
379 3427 580 3508 Sphaeranim
602 3434 752 3498 neutrum,
776 3427 824 3500 oui
847 3427 900 3490 Dis
923 3445 1015 3508 super
1036 3428 1148 3491 insidet
1168 3428 1285 3507 iugens.
1486 3440 1489 3489 t

379 3536 581 3617 Consumptus
599 3535 681 3615 jacet
700 3545 871 3611 aeternum,
893 3538 1073 3619 quicumque
1095 3537 1243 3616 malignos
1270 3507 1282 3530 ⁸
1486 3498 1489 3555 ¹

257 3663 259 3689 ¹
377 3645 491 3708 Prodit.
535 3645 598 3724 Ego
619 3663 690 3708 vero
713 3645 789 3706 diui:
812 3646 865 3708 Sat
887 3645 982 3722 olera,
1005 3647 1156 3726 magister,

378 3754 460 3818 Haeo
481 3762 532 3818 tue
553 3755 587 3816 dt
608 3753 699 3828 ratio,
723 3764 754 3817 et
774 3763 856 3818 reete
878 3755 1062 3836 distinguere
1082 3757 1148 3820 visa
1169 3765 1217 3818 est

378 3864 443 3927 Hoo
463 3863 636 3926 barathrum
658 3873 688 3926 et
708 3865 866 3945 populum,
891 3866 940 3947 qui
962 3868 1115 3948 possidet3
1137 3866 1263 3930 etmihi
1285 3867 1368 3930 noire

327 3985 362 4038 'fo
378 3974 465 4036 Hono
486 3973 613 4036 nodum:
636 3973 707 4036 iffae
729 3974 861 4048 animae,
885 3995 960 4057 quas
980 3977 1103 4057 pinguia
1126 3986 1230 4056 stagna
1253 3975 1373 4056 paludis

380 4081 541 4156 claudunt,
565 4101 699 4165 quaeque
720 4084 833 4164 agitant
854 4086 949 4158 venti,
972 4094 1003 4150 et
1024 4105 1099 4167 quas
1120 4087 1258 4148 verberet
1279 4085 1383 4158 moer,

380 4193 524 4274 Quaeque
545 4192 604 4256 sibi
626 4203 788 4258 ooeurruot
809 4202 869 4258 tam
890 4195 952 4258 aeri
975 4197 1137 4260 certamine
1159 4197 1288 4275 linquae,

380 4303 439 4366 Cur
460 4321 520 4365 non
542 4301 680 4366 ooudeuti
702 4303 803 4384 potius
824 4312 1001 4386 torquentur
1021 4307 1052 4369 iu
1076 4305 1157 4378 urbe,

379 4412 413 4476 Si
435 4413 514 4476 Deus
535 4413 590 4474 hos
612 4410 699 4476 editi
720 4414 774 4476 Siu
795 4423 898 4476 eontra
922 4423 982 4488 est,
1005 4424 1065 4478 tarn
1086 4435 1194 4497 aspera
1216 4433 1313 4497 poena
