3136 5164
559 415 740 468 euaserant!
757 416 821 466 XXV.

188 633 285 707 Quem
305 634 436 713 primum
456 632 567 713 prodit,
590 633 640 712 qni
662 633 767 695 nititur
788 653 840 696 ore
860 635 983 714 profari.

142 751 171 806 li
187 745 224 804 m
245 761 426 824 quamquam
449 742 538 805 celeri
560 750 674 822 peteret
695 743 791 806 scalae
813 742 905 806 ardua
925 763 1027 824 passo,

187 853 273 914 Hand
294 861 381 932 pater
403 853 452 914 illc
474 871 559 914 meus
581 851 676 913 dulcis
699 851 825 914 cessarit
845 861 875 913 ιι
895 853 975 916 iniit:

188 961 278 1023 Solve
299 981 399 1024 arcum
421 961 511 1035 fandi,
536 959 695 1023 adductum
717 961 886 1023 curvamine
908 963 945 1024 ad
968 982 1061 1044 usqne

187 1072 332 1136 Ferreum
355 1072 503 1150 utrimque
525 1078 623 1150 capnt.
656 1070 740 1131 Tunc
761 1078 823 1132 tuto
846 1071 928 1133 labra
949 1074 1103 1136 resolvens

189 1181 300 1260 Coepi:
324 1180 381 1252 uni
402 1181 501 1277 possit
522 1179 680 1263 quisquam
701 1185 897 1252 macrescere,
920 1181 969 1242 obi
992 1201 1059 1245 esca

141 1299 173 1351 ao
188 1289 320 1352 blembra
342 1269 421 1352 alere
442 1290 519 1352 band
543 1307 619 1368 opus
643 1286 776 1350 estl—
797 1289 921 1350 llemori
943 1292 968 1352 si
990 1301 1088 1354 mente
1109 1292 1234 1368 volutas,

189 1399 227 1462 llt
215 1399 397 1479 tquondam
419 1399 557 1472 decides,
580 1407 759 1478 consumpto
782 1398 892 1478 stipite,
916 1408 945 1460 et
966 1401 1030 1480 ipsc

190 1509 392 1588 consumptus
413 1509 511 1581 luerit,
534 1526 594 1570 non
617 1517 647 1570 te
669 1508 714 1568 sic
734 1508 851 1581 acriter,
874 1509 979 1588 inquit,

188 1619 270 1681 Haec
291 1636 341 1680 res
363 1618 505 1680 afficeret
548 1619 623 1680 Tum
646 1619 671 1678 si
693 1627 790 1679 tecum
813 1617 877 1697 ipse
899 1619 1027 1698 putabis,

190 1729 228 1790 Ut
248 1736 361 1790 motum
384 1727 421 1788 ad
442 1736 572 1803 vestium
594 1735 676 1790 motu
699 1727 862 1806 respondet
881 1728 988 1791 codem

142 1847 174 1901 25
190 1838 294 1899 Vestra
316 1855 436 1917 qnoque
458 1838 488 1898 in
510 1835 634 1916 speculo
658 1837 783 1913 efligies,
805 1835 859 1899 tibi
879 1837 969 1899 molle
991 1839 1114 1914 videbis,

192 1947 280 2021 Quod
301 1947 397 2008 ristun
420 1955 467 2008 est
487 1947 604 2008 durum.
648 1945 707 2006 Sed
730 1947 757 2007 si
779 1947 837 2007 lert
858 1947 913 2008 ista
936 1948 1044 2028 cupido

190 2057 254 2119 llae
275 2057 369 2134 magis
388 2056 523 2135 inspecta
544 2055 663 2134 penitus
685 2056 873 2135 requiescere
896 2075 1011 2130 caussa,

191 2168 270 2229 Eece
291 2166 344 2228 tibi
365 2165 501 2238 Sramns,
523 2183 612 2245 quem
633 2183 727 2245 posco
748 2183 822 2228 voce
843 2183 1019 2248 precorque,

193 2275 316 2340 Sanabit
336 2275 513 2355 plagas.—
473 2275 568 2336 -Si
591 2283 620 2336 te
641 2283 799 2354 praesente
822 2275 939 2337 resolvo

144 2393 176 2446 aa
191 2387 269 2448 Huic
290 2385 411 2458 nodum,
435 2385 547 2448 aeterni
570 2403 658 2464 quem
680 2385 772 2447 nectit
789 2385 929 2465 judicis
922 2405 974 2457 ιιι,

192 2494 360 2576 Respondit
382 2494 515 2565 Srnrrns,
538 2496 639 2556 fassus
659 2513 707 2556 mc
729 2513 820 2574 posse
843 2513 949 2574 negare

193 2607 241 2668 Nil
263 2604 327 2680 tibi,
350 2605 511 2684 deposcam
532 2605 678 2668 veniam.
703 2604 777 2666 Dein
799 2604 907 2666 talibus
929 2606 1007 2668 iniit:

194 2717 227 2779 Si
250 2735 325 2797 quae
347 2713 436 2776 rerba
457 2713 573 2793 loquor,
596 2712 648 2787 nti,
671 2721 703 2776 tu
724 2723 822 2776 mente
844 2715 959 2776 volutas

192 2826 235 2889 dc
256 2825 377 2904 recipie,
400 2843 536 2886 caussam
559 2823 714 2903 quaerenti
734 2823 846 2886 lumina
868 2824 1020 2905 praebent.

146 2935 177 2990 ³5
194 2935 322 3013 Sanguis
343 2935 504 3014 perlectus,
526 2933 645 2996 bibulae
668 2953 756 3014 quem
778 2934 897 2996 haurire
920 2943 1061 2996 recusant

193 3045 303 3118 Venae,
326 3044 438 3125 quique
459 3053 565 3116 manet,
588 3043 697 3123 patinis
717 3043 798 3106 velat
819 3061 888 3106 esca
909 3045 1041 3116 remotis,

194 3156 289 3224 lmo
281 3173 312 3216 ιι
335 3153 425 3216 corde
446 3152 504 3214 sibi
524 3153 584 3213 vim
607 3152 705 3226 sumit,
729 3172 804 3234 qnae
825 3154 923 3214 omnia
945 3153 1077 3215 membra
1182 3207 1186 3217 ,

194 3265 330 3326 Humana
352 3264 499 3334 informat,
523 3281 578 3324 een
601 3262 651 3341 qui
673 3281 706 3322 se
728 3262 881 3324 effundit'
873 3281 976 3324 inanes
1135 3251 1138 3260 ’

196 3375 323 3454 Sanguis
344 3390 400 3452 per
420 3389 520 3444 renas,
543 3380 575 3432 ut
596 3389 663 3434 sese
684 3373 807 3434 vertat
800 3391 830 3432 ιιι
852 3370 912 3434 illa.

146 3492 179 3544 ιιι
196 3485 271 3546 [lein
293 3484 425 3562 digestus
447 3480 516 3554 abit,
540 3499 599 3560 qno
622 3499 683 3542 non
705 3491 750 3542 cst
773 3481 872 3543 dicere
894 3481 1027 3555 honeste,

194 3593 292 3674 Atque
313 3593 363 3653 bie
385 3591 492 3652 deinde
512 3590 613 3668 gemit,
636 3609 669 3652 se
691 3591 788 3652 alieno
809 3591 952 3668 sanguine
973 3593 1114 3667 miscens,

196 3704 230 3765 ln
252 3721 304 3763 vas
326 3701 464 3782 injectus,
485 3708 590 3762 natura
612 3701 690 3780 quod
713 3699 822 3762 indidit
842 3712 919 3764 ante.

196 3813 293 3892 Atque
316 3811 357 3872 ibi
380 3809 501 3888 sanguis
523 3817 648 3890 uterquc
671 3810 739 3888 coit,
761 3811 859 3874 lacere
881 3812 936 3873 istc
957 3820 1088 3891 paratus,

196 3921 257 3984 Iste
278 3920 349 4000 pati,
371 3919 436 3982 loca
459 3919 581 3982 sortitus
603 3921 734 3999 perlecta
755 3926 902 4000 receptus,

146 4035 179 4088 45
196 4031 282 4094 Unde
304 4028 392 4090 simul
414 4030 568 4108 premitur.
613 4030 664 4092 Sic
681 4029 802 4109 junctos
825 4030 936 4092 abibas
958 4032 1001 4092 nti

196 4139 345 4220 Incipit,
338 4159 367 4200 ιιι
389 4140 494 4220 primis
516 4157 549 4201 se
571 4157 691 4218 cogens,
713 4140 805 4218 idque
828 4140 928 4218 vigore

197 4251 318 4322 Firmat,
342 4250 389 4310 cui
410 4251 531 4329 propria
554 4251 674 4312 dederat
696 4250 864 4312 coalescere
885 4250 1012 4331 primum

196 4359 325 4432 Materia,
349 4368 436 4438 atque
457 4359 554 4422 anima
576 4359 681 4433 evadit,
704 4379 778 4440 quae
800 4359 937 4439 proditur
957 4369 1024 4421 aeto

1308 1325 1312 1399 l
