3116 5162
300 426 341 488 34
740 425 934 478 racemosus
956 426 994 478 u.
1102 391 1108 398 ’

366 644 393 706 lt
413 652 545 724 tempus,
569 644 638 706 dum
661 661 694 706 se
716 643 765 704 bis
786 661 875 723 quem
897 643 1038 707 demoror
1059 643 1191 724 applicet
1212 641 1300 706 oris?

318 760 349 812 ιο
364 751 452 816 lllum
474 770 529 832 ego
553 763 599 814 sat
620 753 703 816 sensi
724 752 864 814 extremis
887 751 997 814 texisse
1018 752 1136 832 priora,

366 862 472 926 Ultima
494 881 562 926 uem
585 863 705 924 luerunt
726 880 786 923 non
808 861 1021 940 respondentia
1043 863 1159 942 primis.

366 972 425 1035 Sed
448 981 547 1034 umen
569 971 697 1035 incussit
719 971 799 1032 laudi
822 970 898 1032 ratio
921 971 972 1034 illa
993 972 1141 1046 timorem,

366 1083 440 1145 Cum
462 1082 673 1155 detorsisscm,
697 1099 772 1161 quoe
795 1088 858 1142 tum
879 1081 1054 1161 imperfecta
1075 1081 1207 1162 reliquit.

365 1191 460 1255 toros
483 1192 514 1254 in
536 1191 668 1255 deterius
692 1190 808 1264 lorsan,
832 1209 920 1270 quam
942 1199 989 1252 est
1010 1191 1060 1253 ille
1082 1191 1210 1254 lomrtus.

318 1313 348 1366 tt
409 1301 518 1364 Tristis
539 1301 571 1362 in
592 1301 672 1362 buno
693 1299 817 1361 laudum
840 1299 972 1362 conchae
994 1318 1064 1362 num
1087 1300 1155 1380 quis
1177 1301 1238 1363 ruit
1260 1319 1391 1382 unorum
1476 1252 1480 1319 Ι

366 1410 467 1473 luools
488 1410 578 1490 primi
601 1408 700 1481 orbis,
724 1409 773 1470 oui
795 1409 859 1470 sola
881 1417 928 1470 est
949 1428 1060 1490 poena,
1084 1410 1211 1472 sulutem

366 1519 451 1580 llaud
473 1537 594 1599 sperare
617 1514 715 1580 ultral
738 1517 890 1591 Quaesivi.
934 1518 1056 1582 Talibus
1078 1519 1144 1580 ille:

365 1628 482 1691 Accidit
503 1627 534 1688 id
555 1646 638 1700 raro,
662 1637 694 1690 ut
716 1627 873 1708 quisquam
896 1628 991 1690 nostri
1013 1628 1130 1692 ordinis
1150 1629 1230 1692 istud

367 1739 476 1800 'leutet
498 1737 570 1808 iter,
594 1738 674 1817 quod
696 1757 763 1800 sum
784 1737 921 1812 molitus3
944 1747 974 1800 at
996 1737 1062 1818 ipse
1084 1738 1202 1812 lstebor

317 1861 351 1913 uu
367 1847 432 1910 Huc
453 1866 501 1908 me
523 1846 680 1909 devenisse
702 1847 790 1920 olim,
814 1865 881 1910 oum
903 1846 969 1909 dira
991 1847 1102 1927 coegit,

367 1958 412 2020 ud
434 1975 487 2019 sua
511 1975 586 2036 quse
608 1975 711 2018 munes
733 1956 895 2018 revocabat
916 1975 1057 2038 corpore,
1081 1957 1249 2020 Ennosrso.

369 2069 464 2130 Cerne
486 2074 591 2130 exutus
614 2084 695 2128 erem
717 2065 848 2146 pridem,
872 2084 938 2128 cum
962 2066 1106 2128 Thessala
1124 2067 1215 2147 jussit

367 2177 483 2240 ldurum
505 2176 615 2238 intrare
639 2174 740 2249 illum,
761 2177 914 2255 inuusque
937 2194 973 2238 ex
994 2176 1067 2238 orbe
1088 2176 1242 2240 reductam

369 2286 546 2348 Protrabere
569 2287 606 2349 ad
629 2287 762 2366 Superos
784 2284 929 2348 umbram.
973 2285 1072 2348 Locus
1094 2286 1214 2348 iniimus
1236 2285 1287 2348 ille
1311 2295 1357 2349 est
1479 2268 1481 2295 '

317 2412 351 2463 tt
369 2397 509 2470 ldasime,
533 2405 563 2458 et
583 2397 698 2458 offusus
721 2395 803 2473 nigra
826 2394 1001 2468 tormidine,
1024 2395 1169 2476 abestque

246 2489 250 2514 '
368 2506 493 2568 Maxime
515 2505 552 2567 ob
575 2505 730 2577 aetherea,
754 2505 784 2564 in
807 2521 910 2584 gyrum
931 2523 1007 2584 quse
1030 2504 1156 2585 corripit
1176 2525 1264 2568 omne

369 2615 535 2686 inclusum,
558 2614 695 2694 spboers.
738 2613 819 2674 Bene
840 2614 910 2674 nori
933 2613 1017 2694 signs
1040 2614 1163 2676 riarum.

370 2725 453 2786 lude
475 2741 556 2802 ergo.
599 2724 660 2786 lsta
682 2723 784 2802 palus,
808 2741 928 2786 suevum
951 2742 1026 2804 quse
1048 2724 1143 2804 spirat
1163 2726 1296 2800 odorem,

247 2880 251 2922 ἶ
370 2833 471 2896 Ambit
491 2832 608 2894 tristem
629 2830 748 2905 urbem,
772 2850 831 2912 quo
851 2833 914 2914 jem
934 2842 1093 2914 penetrare
1115 2835 1181 2896 sine
1204 2835 1247 2897 irs

248 2926 251 3020 l
320 2942 526 3006 cottonem.
549 2975 589 2985 -
612 2941 692 3004 llaec
713 2951 745 3002 et
765 2941 857 3004 multo
879 2961 970 3023 super
991 2943 1048 3006 luit
1069 2943 1118 3006 ille
1140 2944 1267 3018 locutus,

372 3055 455 3129 Quae
478 3069 562 3114 meus
585 3050 677 3113 oblite
699 3059 761 3124 est,
783 3070 853 3114 nam
873 3071 921 3114 me
943 3071 1008 3115 meo
1030 3053 1142 3116 lumine
1164 3063 1258 3116 toturn

371 3163 502 3226 'l'rexere
524 3162 561 3225 ad
582 3161 681 3224 celsae
704 3162 862 3224 candentia
884 3162 1012 3226 culmina
1036 3163 1135 3226 turris.

413 3271 499 3335 ilicet
519 3271 569 3335 hio
590 3271 651 3334 vidi
672 3271 786 3352 pariter
807 3280 868 3334 tres
889 3283 1012 3352 pectore
1034 3283 1118 3337 recto

373 3385 483 3446 Contra
505 3381 693 3460 insurgentes
716 3382 845 3444 sullusas
867 3382 1010 3460 sauguine
1034 3383 1133 3457 llinis,

323 3501 356 3554 to
372 3491 532 3556 Femineos
554 3499 635 3550 artus
658 3497 833 3570 gestumque
854 3491 1048 3573 habitumque
1071 3494 1211 3556 terentes.

372 3601 443 3664 llius
467 3599 621 3662 caeruleae
645 3599 778 3662 sinuosis
801 3599 924 3662 orbibus
946 3602 1056 3682 hydrae

375 3709 555 3789 cingebant,
578 3717 608 3770 et
629 3727 683 3790 pro
706 3709 788 3772 crine
807 3710 959 3790 unguiculi
982 3720 1071 3804 atque
1092 3721 1227 3776 cerastae

376 3931 473 4010 Atque
495 3927 536 4002 is,
559 3927 611 4008 qui
633 3929 775 4004 famulos,
798 3928 906 4011 quibus
928 3939 976 3993 est
995 3931 1104 4012 stipate
1126 3931 1273 3994 ministris

327 4053 361 4108 to
378 4038 490 4118 llegiua
513 4037 626 4100 aeterni
648 4038 763 4113 luotus,
787 4039 863 4102 bene
886 4049 1023 4114 noverat,
1045 4040 1158 4121 iuquit:

378 4147 550 4210 liuuemnes
573 4156 690 4228 specta,
709 4150 772 4212 lero
794 4151 895 4212 eorda.
939 4151 992 4212 Est
1012 4150 1077 4213 diro
1098 4151 1240 4216 uerum

379 4257 460 4320 llaec
481 4257 573 4319 latere
596 4256 626 4318 in
647 4256 748 4334 laero;
769 4261 906 4333 domno,
929 4279 1004 4340 qrrae
1027 4260 1146 4324 dextera
1169 4261 1265 4344 lugete

380 4366 547 4430 Trsronoos
569 4366 667 4430 medio
689 4379 744 4430 est.
786 4367 844 4432 llio
865 4368 942 4432 laeto
963 4369 1083 4434 silentia
1104 4371 1233 4452 lingone.

1481 2972 1485 3037 Ι

1481 3070 1485 3103 ι

375 3817 553 3892 Exstabant,
576 3819 683 3899 quibus
705 3819 867 3882 horrebunt
888 3821 951 3883 toro
974 3830 1109 3902 tempora
1131 3822 1238 3886 vincta.
1484 3656 1489 3905 Ι
