3144 5164
243 394 248 538 i
300 449 361 511 326
766 448 899 498 utuinisi
917 447 961 498 xv.

889 542 1472 556 -—-—---.----—--.-..-—.

331 669 403 736 5Et
423 668 532 749 premit
553 677 582 729 et
603 666 704 727 lassat.
750 667 811 728 Cur
828 665 920 748 justis
944 666 1079 728 obstruat
1101 687 1189 730 auree

366 781 420 840 iiic
441 777 571 858 populus
594 776 746 856 precihus,
770 775 830 857 qui,
853 794 948 854 pauca
970 794 1076 854 rogare
1099 787 1235 856 paratum

364 887 648 959 Poanemouneos,
672 885 817 947 concordi
840 895 941 948 mente
964 887 1123 966 animoque

366 995 539 1060 Conticuit?
560 996 666 1058 Merito
689 996 788 1058 veniat
809 993 875 1055 siue
898 995 956 1058 tine
979 995 1108 1058 dolenda

365 1107 431 1170 Vita
453 1105 566 1168 homini
589 1106 708 1184 cupido,
731 1104 810 1165 hona
834 1104 912 1165 iiuxa
936 1114 966 1165 et
987 1124 1060 1167 rana
1081 1106 1189 1184 potiri;

318 1226 350 1277 m
366 1219 425 1279 Pro
449 1216 557 1296 quibus
579 1223 732 1277 aeteruum
755 1232 788 1274 se
810 1213 861 1274 illo
885 1213 1023 1294 spoliarit
1044 1233 1156 1278 amore.

303 1384 304 1392 ,
410 1326 493 1388 Sicut
514 1343 570 1405 per
591 1324 687 1385 noctis
708 1322 866 1401 tranquiiia
891 1331 920 1384 et
943 1343 1017 1403 pura
1038 1343 1163 1385 serenae

367 1436 518 1498 Interdum
541 1433 640 1497 subito
664 1432 833 1496 discurrere
856 1433 968 1494 iumine
991 1434 1119 1504 flamma,

368 1547 558 1624 Securosquc
581 1543 658 1604 solet
678 1542 760 1603 visus
782 1543 929 1622 necopina
951 1562 1071 1604 morere

367 1654 567 1733 diuturnisque
589 1654 688 1714 locum
711 1651 814 1713 stellae
837 1653 892 1714 suh
914 1651 1044 1729 imagine
1066 1653 1177 1716 fertur:

212 1783 213 1790 ¹
319 1769 351 1821 15
368 1764 501 1843 (Excipe,
524 1763 604 1842 quod
626 1771 711 1841 parte
733 1781 768 1823 ex
790 1761 850 1836 iila,
873 1762 952 1825 uude
974 1779 1102 1823 accensa
1124 1762 1259 1834 recessit,

367 1873 414 1935 Nil
437 1873 490 1934 suit
513 1873 672 1945 amissum
695 1871 751 1932 ista
772 1871 855 1932 brevi
877 1872 1011 1933 vanescit
1031 1873 1063 1933 in
1086 1877 1202 1948 aurem)

367 1983 452 2044 Haud
475 1982 559 2044 aliter
581 1999 674 2042 cornu
697 1999 731 2043 er
755 1979 867 2054 dextro,
892 1982 971 2061 quod
993 1981 1124 2062 pertinet
1144 1981 1236 2062 hujus

367 2093 412 2153 Ad
435 2101 584 2172 postrema
608 2091 714 2161 crucis,
739 2089 890 2151 stellarum
912 2090 963 2151 ubi
987 2090 1132 2171 plurimus
1159 2091 1235 2152 ordo

367 2202 510 2280 Fuigebat
529 2201 660 2282 junctus,
683 2199 773 2262 muita
797 2217 864 2261 cum
885 2199 953 2261 luce
975 2199 1106 2262 cucurrit

318 2325 352 2378 20
369 2312 504 2386 dstrum3
527 2331 583 2372 nec
605 2310 759 2390 proprium
781 2310 956 2372 lemniscum
979 2328 1093 2388 gemma
1116 2309 1246 2390 reliquit,

370 2421 429 2483 Sed
451 2429 575 2501 propter
597 2427 724 2482 tractum
746 2419 897 2480 radiorum
921 2420 1059 2492 excurrit,
1083 2429 1114 2480 et
1134 2419 1195 2498 igni

369 2531 509 2593 Assimile
533 2540 580 2592 est
600 2531 705 2604 visum,
728 2546 818 2609 quem
840 2537 909 2608 post
931 2528 1076 2591 alabastra
1097 2528 1242 2590 locamus.

411 2641 582 2719 Composita
605 2659 657 2701 cre
679 2639 730 2720 pio
752 2637 893 2702 Anchisis
915 2639 959 2700 sic
982 2637 1093 2700 restitit
1114 2638 1229 2713 umbra,

369 2750 486 2830 (Majori
508 2758 626 2811 nostrae
649 2748 675 2810 si
698 2749 819 2827 dignum
841 2755 888 2810 est
909 2748 1031 2811 credere
1053 2749 1167 2826 Musae)

318 2873 352 2927 25
369 2859 403 2920 ln
425 2858 500 2920 valle
522 2858 623 2931 Elisia‚
646 2867 746 2922 natum
770 2875 836 2919 cum
858 2859 953 2920 sensit
974 2859 1093 2920 adesse.

371 2969 396 3030 0
420 2967 544 3046 sanguis
566 2986 659 3040 meuc,
684 2988 701 3029 o
724 2985 817 3047 super
837 2987 956 3032 omnem
978 2969 1071 3045 gratia
1093 2967 1223 3029 morem!

369 3077 407 3140 Et
430 3077 558 3150 cuinam,
581 3087 614 3138 ut
635 3077 698 3152 tibi,
721 3077 838 3139 reclusa
861 3087 908 3140 est
929 3078 976 3139 bis
994 3077 1085 3158 janua
1108 3073 1209 3140 coeii?

413 3188 463 3249 Sic
485 3187 556 3249 iliud
580 3188 696 3249 lumen:
720 3207 812 3266 quare
834 3199 895 3249 tum
918 3205 973 3267 ego
994 3198 1075 3250 totus
1098 3188 1129 3248 in
1152 3187 1219 3264 iilo3

369 3297 445 3360 Dein
467 3296 611 3359 Dominae
633 3297 764 3376 quaesivi
787 3297 906 3358 oculos:
930 3315 1058 3378 namque
1080 3297 1159 3359 altus
1181 3297 1288 3376 agebat

320 3419 355 3473 to
371 3407 417 3468 iic
440 3416 546 3486 stupor
566 3408 636 3470 hinc
658 3417 746 3488 atque
767 3407 855 3482 irinc;
878 3408 947 3487 quia
969 3407 1018 3469 tali
1040 3407 1111 3468 huic
1133 3407 1244 3470 lumina
1264 3407 1330 3470 risu

371 3517 530 3590 Ardebant,
554 3527 587 3578 ut
608 3525 638 3578 et
659 3517 725 3597 ipse
747 3517 821 3578 meis
844 3517 917 3582 mihi
938 3526 1020 3579 sorte
1042 3517 1180 3579 datorum
1285 3567 1288 3576 ,

370 3625 524 3687 Bonorum
547 3645 701 3700 summam,
724 3627 857 3688 Paradisi
879 3637 910 3690 et
930 3626 1043 3692 habere
1065 3627 1182 3688 viderer

371 3733 437 3795 Jam
459 3743 582 3814 partem.
627 3737 702 3798 Dein
725 3737 783 3798 vita
806 3735 900 3798 oculis
919 3737 1052 3817 jucunda
1074 3737 1210 3816 meisque

372 3844 511 3916 Auribus
535 3845 705 3924 adprimae
727 3847 836 3927 adjecit
856 3845 927 3908 talia
949 3865 1048 3920 voces,

321 3959 358 4042 dp
374 3953 457 4026 Quae
479 3971 540 4014 non
562 3953 700 4033 percepi3
723 3955 768 4015 sic
790 3974 880 4017 sensu
903 3964 948 4017 est
971 3957 1027 4018 iata
1050 3953 1209 4035 protendo.

372 4063 434 4125 Nec
452 4063 515 4142 jam
538 4063 685 4138 consulto,
708 4073 737 4126 at
759 4065 838 4145 quod
862 4073 926 4130 erat
946 4065 1043 4127 celare
1066 4083 1207 4140 necesse;

372 4173 446 4236 Nam
468 4193 567 4235 sermo
589 4173 670 4235 iliius
693 4176 809 4254 siguum
832 4195 924 4256 super
945 4175 1058 4237 adstitit
1079 4175 1161 4237 omni

372 4283 563 4346 l’ractinitum
585 4282 708 4344 homini.
734 4317 771 4328 -
794 4287 831 4346 At
852 4293 1011 4365 postquam
1035 4283 1184 4348 deferuuit
1204 4303 1292 4348 arcus

371 4391 509 4454 Ardentis
532 4391 623 4454 studii
645 4393 699 4468 sic,
723 4402 763 4467 ut,
787 4413 864 4475 quae
885 4395 1025 4462 funderet
1045 4413 1107 4470 ore,
