3142 5166
331 371 390 435 190
770 367 949 420 eueonrouu
969 367 1023 418 mv.

396 589 490 662 Sient,
512 587 563 651 uhi
586 587 716 668 recipiet
735 585 852 649 venturi
873 584 983 649 nuncia
1005 585 1107 648 domni

398 697 504 772 Verbo,
527 717 562 760 os
584 696 703 760 auditor
724 695 832 769 turbet,
857 713 1042 776 quocumque
1064 693 1209 776 periclum

346 819 380 874 65
399 807 441 869 Er
462 814 547 888 perte
569 805 640 868 huio
661 806 793 868 animum
815 805 912 878 ierint,
935 805 980 866 sio
1002 805 1093 868 altere
1115 806 1179 867 riso
1202 815 1249 868 est

399 915 577 980 Conturhen'
599 915 708 983 anime.
730 916 806 978 hoeo
826 915 917 978 fontis
940 916 1010 977 dum
1031 916 1143 996 pendet
1163 915 1202 977 oh
1224 933 1287 986 ore,

397 1025 527 1106 Surgere
551 1033 582 1087 et
601 1024 747 1105 adspectu
769 1025 848 1087 tristi
870 1026 945 1087 hneo
967 1023 1055 1086 simui
1078 1025 1201 1087 auribus
1223 1023 1334 1088 hausit.

437 1134 569 1198 Alterius
591 1153 700 1209 sermo,
722 1135 845 1198 alterius
867 1143 1046 1214 conspectus
1069 1143 1203 1197 aventem

396 1243 568 1306 Sueriohent
588 1243 696 1305 horum
717 1261 766 1306 me
788 1245 941 1326 inquirere
962 1243 1094 1318 nomine,
1117 1255 1148 1306 et
1168 1243 1246 1318 illos,

345 1364 379 1416 7⁰
395 1353 495 1417 hluitis
517 1351 691 1414 immiscens
712 1354 854 1434 precihus
875 1371 943 1416 mee
964 1353 1054 1428 dioto,
1077 1353 1189 1432 rogeri.

438 1464 548 1537 Quare,
572 1479 648 1542 qnae
669 1465 766 1526 iuerat
785 1481 904 1527 meeum
925 1465 1009 1544 prius
1031 1461 1135 1525 umbra
1158 1463 1266 1535 locuta,

395 1581 447 1643 Sio
468 1580 592 1644 iterum:
614 1577 649 1640 id
670 1573 724 1637 tibi
746 1593 794 1636 me
816 1573 945 1636 horteris
966 1581 1129 1654 praestaro¹
1151 1573 1232 1653 quod
1254 1572 1321 1655 ipse

394 1689 526 1764 Ahnuis3
548 1695 579 1752 et
600 1685 742 1767 quoniam
764 1684 914 1765 Superum
935 1684 1094 1746 manifesto
1114 1683 1252 1745 rotuntes

256 1851 260 1861 ,
394 1799 504 1872 Eiiioit,
527 1806 561 1861 ut
581 1803 663 1859 tento
684 1803 713 1858 te
735 1793 828 1856 donet
849 1793 943 1872 gratio
965 1792 1041 1868 luoe,

345 1916 378 1970 75
395 1909 462 1971 Non
484 1908 539 1971 tihi
562 1924 671 1989 pareus
693 1923 756 1966 ero.
801 1903 992 1983 Quapropter
1011 1919 1061 1964 me
1083 1919 1151 1964 esse
1171 1901 1290 1964 ietehtu

351 2083 357 2089 ,
395 2019 512 2081 Gomon
534 2037 592 2080 nen
613 2016 704 2079 nuci.
747 2015 857 2077 Fuerat
878 2012 952 2074 mihi
974 2012 1097 2091 sonpris
1118 2010 1243 2075 adustus

394 2127 509 2190 invidie
531 2134 622 2200 tante,
644 2131 685 2198 ut,
708 2130 868 2186 testantem
889 2120 996 2201 gaudie
1018 2119 1101 2183 vultu

395 2237 428 2299 Si
451 2255 539 2318 quem
562 2235 713 2308 vidissem,
735 2250 875 2314 sparsum
896 2231 988 2294 livore
1009 2229 1141 2310 maligno

393 2347 440 2408 hie
462 2363 581 2427 quoque
600 2343 742 2407 vidisses.
783 2341 827 2406 Ex
848 2341 907 2404 isto
929 2341 1044 2404 semine
1064 2340 1155 2403 tutem

343 2468 378 2524 8⁰
393 2454 517 2518 nemeto
540 2472 620 2517 nuno
641 2454 768 2535 poleam.
812 2451 837 2514 0
860 2450 981 2513 soholes
1001 2450 1141 2526 humane,
1164 2451 1237 2532 quid
1259 2469 1367 2516 omnes
1503 2421 1507 2497 Ῐ

392 2564 548 2648 Impendis
571 2583 667 2638 cures,
689 2562 811 2626 inhiens
834 2579 911 2643 queo
929 2561 997 2641 jure
1018 2559 1138 2624 semodi

395 2675 529 2738 Possunt
548 2681 580 2738 et
600 2673 735 2754 quemvis
758 2680 929 2734 consortem
951 2689 968 2732 e
989 2670 1100 2734 finibus
1122 2667 1250 2736 meent?

437 2783 534 2858 Quem
556 2802 652 2865 prope
673 2800 721 2845 me
743 2789 870 2844 stentem
893 2779 1001 2854 ternis,
1024 2780 1187 2844 liernemus
1209 2782 1260 2845 hio
1282 2791 1339 2856 est,

395 2893 583 2957 Colholidum
605 2893 698 2956 denus
719 2910 755 2954 ee
776 2891 885 2964 iumen,
910 2909 1000 2971 quem
1021 2909 1109 2954 nemo
1130 2899 1250 2954 secutus

342 3011 378 3069 85
394 3002 544 3066 Hactenus
566 3009 613 3064 est
632 3001 739 3064 haeres
761 3009 842 3064 tentn
862 3002 972 3064 virtute
992 3001 1117 3082 potitus.

393 3112 456 3175 Neo
477 3111 574 3174 solum
597 3111 676 3174 eires
697 3111 861 3174 Eridanum
883 3119 1074 3191 montemque
1096 3111 1263 3192 fretumque

393 3221 431 3284 Et
452 3222 532 3284 oiroe
552 3223 667 3284 Renum
686 3222 749 3303 jem
771 3220 919 3283 defecisse
939 3221 1058 3283 videtur

393 3330 477 3394 iliius
499 3333 621 3412 sanguis
643 3331 743 3406 rebus,
766 3331 853 3412 queis
873 3348 943 3393 vere
964 3339 1087 3412 peretur

394 3440 487 3523 Copin
510 3460 610 3523 opum,
634 3449 722 3521 etque
745 3440 853 3522 quihus
875 3440 1048 3503 ooelesount
1069 3439 1176 3519 gestiit
1195 3439 1289 3512 vitee3

342 3562 376 3615 eo
392 3551 501 3613 Verum
523 3551 600 3614 intre
622 3551 678 3613 hos
700 3551 777 3613 fines
799 3557 869 3612 sunt
889 3549 1024 3612 sentibus
1047 3548 1158 3630 oppida
1180 3557 1288 3612 eunotn

393 3659 485 3724 Plena
507 3661 697 3733 veneniferis,
720 3667 752 3722 et
772 3661 881 3722 irustrn
903 3675 975 3722 eurr
996 3658 1120 3731 lateret
1170 3689 1174 3696 ·

392 3770 431 3832 Ut
452 3769 533 3832 cultu
554 3770 679 3832 meliore
702 3769 801 3832 minus
823 3768 986 3832 silvescere
1008 3767 1135 3830 discent

434 3879 519 3942 Nunc
540 3879 662 3942 uhinom
684 3888 730 3942 est
751 3879 854 3941 Lrorus
876 3877 975 3940 honus
997 3877 1208 3958 Hernicosque
1229 3878 1382 3955 Mentem,

393 3988 431 4051 Et
453 3989 662 4052 vaensrnns
684 3989 801 4050 Pureos
824 3997 855 4050 et
876 3987 1035 4050 Gnnrnuus
1057 3985 1108 4049 ilie

342 4096 528 4161 ttthnus?
549 4098 693 4162 -Proh
715 4097 797 4176 genti
819 4113 893 4175 gens
915 4096 1079 4160 Aemiiiene
1101 4098 1197 4178 priori

392 4207 593 4289 Degenerate!
616 4209 714 4270 Novus
737 4225 804 4268 oum
824 4205 900 4268 vidit
921 4205 1042 4270 Felsina
1065 4207 1181 4269 iehrum

391 4319 509 4384 Mittere
532 4318 658 4394 redioes,
679 4333 769 4400 porro
792 4325 882 4398 etque
904 4335 940 4378 ex
962 4317 1098 4396 gramine
1119 4318 1230 4380 sertum

787 4519 991 4528 ---——-—
1226 4496 1517 4530 ———--..r
