3124 5170
302 435 345 498 84
728 433 922 486 ΙΝΈΕΒΝΟΒΙΙΙ
940 435 1009 486 xxii.
1478 385 1483 635 ἲ

319 655 463 720 muner
483 655 556 716 here
578 673 695 716 serrum
717 671 858 734 perverse
881 671 928 716 me
950 663 1034 733 patre
1057 663 1168 726 natum,

370 763 428 838 Qui
450 763 528 824 bonu
550 772 655 825 cuncta
677 764 858 844 domumque
880 753 964 824 suam
986 762 1064 824 male
1086 763 1232 842 perdidit,
1255 773 1286 826 et
1307 783 1352 827 te.

370 874 482 935 Deinde
504 873 601 934 aulam
623 875 754 946 accessi,
777 891 900 952 regnum
922 873 1097 935 moderante
1118 873 1249 952 benigno

371 982 549 1055 Tuauauno,
573 993 663 1064 atque
686 983 775 1044 isthic
796 983 895 1044 studui
918 1001 966 1044 me
989 979 1099 1044 dedere
1121 983 1248 1056 technis,

369 1093 428 1154 Prn
451 1093 559 1172 quibua
580 1091 639 1155 hec
659 1111 773 1172 poenas
795 1109 888 1170 cogor
910 1090 1080 1170 persolvere
1102 1091 1134 1152 in
1156 1100 1251 1155 aestu.

319 1209 353 1263 5⁰
411 1203 469 1264 Sed
493 1201 543 1282 qui
567 1221 619 1264 ore
641 1211 804 1265 exstantem
826 1209 911 1282 parte
933 1219 968 1262 ea
990 1208 1114 1281 utraque
1137 1202 1267 1280 gerebat,

371 1313 456 1374 Sicut
477 1331 563 1392 uper,
587 1312 722 1384 dentem,
746 1310 887 1374 Ciriattut
909 1325 1007 1387 augum
1029 1309 1137 1389 rigenti

371 1422 456 1484 Hunc
479 1421 595 1495 decuit,
618 1438 706 1501 quam
728 1429 810 1482 arura
832 1420 960 1482 laniaret
979 1420 1101 1482 vulnere
1123 1421 1242 1484 acerbe.

370 1531 521 1594 inciderat
542 1531 615 1592 icles
638 1531 730 1603 inter,
752 1530 830 1592 maia
853 1529 989 1602 saecula,
1013 1549 1110 1592 sorex.

371 1643 456 1704 Hune
477 1640 694 1719 Barbacriepua
716 1640 889 1720 complexus
911 1639 1045 1718 utrisque
1067 1641 1207 1702 lacertis:

321 1760 354 1814 55
373 1751 522 1831 Quisque,
545 1750 601 1824 ait,
625 1750 765 1824 absistat,
788 1750 860 1811 dum
881 1750 964 1810 furca
986 1749 1085 1828 iprum
1106 1750 1184 1812 maie
1205 1750 1321 1812 aulco!

372 1860 486 1924 Deinde
507 1861 544 1922 ad
567 1861 719 1922 doctorem
743 1877 920 1930 conversus,
943 1858 1053 1920 talibus
1076 1859 1155 1922 infit:

373 1972 405 2033 Si
429 1970 500 2050 quid
522 1969 601 2032 scire
622 1977 710 2048 eptas
731 1968 823 2042 ultra,
847 1967 971 2042 scitare,
994 1968 1168 2050 priusquam

372 2081 457 2142 Hunc
479 2079 555 2142 aliua
577 2079 692 2159 perdat.
714 2111 755 2124 -
778 2079 920 2158 Reliquos
943 2094 1014 2156 crgo
1036 2077 1139 2158 incipe
1160 2089 1263 2140 euntes

371 2189 492 2262 Bicera,
516 2189 623 2252 doctor
644 2188 701 2263 ait,
725 2207 794 2250 uum
817 2205 995 2269 quemquam
1017 2188 1073 2250 sub
1095 2188 1163 2268 pice
1185 2189 1264 2250 noeti

322 2309 356 2362 ot
371 2299 414 2361 m
435 2295 556 2362 Lamo?
577 2299 607 2361 le
630 2307 733 2360 centra
755 2298 927 2378 respoudit:
951 2297 1053 2377 Nuper
1074 2297 1153 2359 abiri

371 2411 394 2471 t
418 2409 560 2489 quedam,
583 2408 691 2470 restria
715 2408 764 2488 qui
787 2425 849 2469 neu
870 2407 975 2488 procul
998 2407 1092 2468 abnuit
1114 2407 1193 2482 miv,
1552 2485 1553 2490 ἵ

373 2518 424 2580 Sic
447 2536 501 2598 ego
523 2536 602 2580 nunc
624 2535 682 2580 una
706 2527 836 2597 tegerer,
859 2534 927 2578 nam
949 2517 1028 2578 haud
1052 2533 1174 2596 cogerer
1194 2533 1324 2596 unguem
1481 2500 1485 2601 i
1552 2502 1553 2555 ¹

373 2628 502 2690 [lomere
524 2635 575 2690 aut
596 2645 714 2690 uncum.
758 2635 795 2688 nt
816 2645 886 2690 vere
907 2626 1085 2688 Libicoccua
1107 2627 1144 2688 ad
1166 2626 1245 2690 iata:

372 2737 473 2810 Hunc,
497 2737 585 2810 dixit,
608 2736 730 2798 tulimus
752 2735 895 2807 nimiuma
918 2743 949 2798 et
969 2737 1051 2798 furca
1074 2735 1180 2816 arripit
1201 2735 1318 2810 minuma

323 2859 357 2912 65
374 2847 507 2926 Cumque
530 2847 570 2907 ita
594 2845 734 2916 saeviret,
758 2845 883 2906 fractum
905 2845 972 2906 tulit
994 2845 1064 2908 inde
1085 2844 1238 2908 lacertum.

372 2955 469 3036 Aspre
492 2954 706 3034 Draghignacci
728 2954 821 3016 voluit
840 2973 947 3018 manua
970 2955 1210 3018 intimacnarum

375 3066 538 3140 Prensure3
560 3073 591 3127 at
612 3064 858 3144 circumspiciens
881 3065 965 3127 stetit
985 3083 1037 3126 ore
1059 3081 1172 3137 terere,

377 3175 435 3249 Qui
458 3183 603 3255 praeerat.
647 3174 809 3253 Postquam
830 3175 950 3254 paulum
973 3191 1110 3254 repreaaa
1134 3175 1246 3255 quierit

376 3285 492 3356 Turba,
515 3303 628 3346 meram
651 3283 831 3364 abrumpens
853 3293 1030 3364 praeceptor
1050 3301 1122 3346 uoce
1144 3285 1267 3364 rogarit,

326 3401 359 3455 7⁰
376 3395 503 3457 Vulnera
525 3393 622 3456 adhuc
644 3411 697 3456 aua
719 3401 922 3474 spectantem:
946 3392 1090 3467 Quisnam
1113 3393 1163 3456 ilie
1184 3401 1315 3466 vocatur,

378 3509 401 3568 d
424 3524 483 3586 quc
506 3504 672 3583 digressum
696 3513 724 3564 te
746 3503 823 3566 dicis
845 3511 980 3584 tempere
1002 3503 1090 3576 tristi,

379 3613 455 3678 Orus
477 3622 509 3676 ut
530 3609 678 3694 caperes?
700 3647 740 3656 —
764 3614 879 3676 Germa
904 3621 950 3676 eat
970 3611 1105 3686 nemine,
1128 3614 1232 3676 Frater

379 3724 432 3786 ilie
455 3741 489 3785 ea
512 3725 669 3796 Gauunna,
693 3741 745 3785 rus
766 3727 848 3785 omni
870 3723 973 3784 fraude
995 3724 1156 3797 refertum,

379 3833 454 3896 Prae
476 3833 613 3896 manibus
636 3834 687 3914 qui
709 3833 850 3895 habuisse
872 3833 935 3896 suia
956 3832 1078 3896 hostilia
1100 3833 1194 3894 ternu

329 3951 362 4006 7⁶
378 3945 466 4006 Arma
488 3953 590 4023 parata
613 3960 699 4004 suum
712 3927 751 4004 in
773 3943 942 4015 deminum,
966 3943 1033 4016 aed,
1057 3943 1108 4024 qui
1129 3941 1180 4006 iiia
1203 3941 1355 4021 suebant,

380 4053 489 4116 Hostes
511 4071 566 4133 pre
589 4054 667 4114 iacto
689 4053 768 4114 hune
790 4052 928 4126 laudam
950 4069 1018 4114 nam
1040 4053 1174 4132 pendere
1195 4062 1301 4133 captae

379 4163 466 4236 duri,
490 4171 523 4224 ut
544 4171 575 4224 et
594 4162 661 4242 ipsc
683 4161 799 4240 inquit,
822 4179 929 4240 passus
952 4163 1008 4224 iuit
1029 4161 1073 4224 ire
1095 4163 1220 4224 aciutee.

380 4273 446 4335 Non
468 4272 525 4334 suit
545 4271 595 4334 hic
616 4271 738 4332 humilia
761 4271 927 4344 fraudator,
949 4280 980 4334 at
1000 4272 1105 4336 ordine
1124 4271 1276 4353 princepe.

380 4383 477 4446 Utitur
498 4383 556 4444 hoc
578 4381 714 4444 ilrcnacu
737 4379 939 4459 (Lupodunum
961 4382 1056 4461 patria
1080 4381 1218 4444 Zaucaar

1481 974 1485 1135 ι

1481 1154 1485 1191 ’

1481 1410 1485 1565 ¹
