3116 5162
372 1657 488 1784 (huod
510 1690 579 1787 jam
605 1696 775 1786 superest,
808 1687 892 1760 ratio
926 1688 1087 1786 quaedam
1112 1688 1208 1786 paulo
1235 1687 1419 1760 accuratior
1449 1709 1502 1758 no·

269 1809 322 1882 his
347 1807 515 1882 reddenda
550 1807 696 1898 videtur,
732 1827 815 1901 quae
850 1807 1020 1904 qualisque
1055 1807 1099 1878 sit
1131 1806 1358 1903 interpretatio
1391 1804 1503 1877 Latina

269 1925 423 2000 Pnzaaa.
456 1927 493 2000 ld
518 1907 705 2000 necessario
722 1923 914 2022 requiritur,
932 1924 1052 2021 partim
1069 1935 1106 1996 ut
1122 1923 1238 2018 lector,
1258 1945 1323 2020 qua
1344 1923 1503 2019 judicium

270 2053 372 2118 suum
387 2051 559 2131 'exerceat
586 2043 734 2138 regulam
761 2042 880 2114 haheat
905 2052 1027 2118 certam
1053 2066 1092 2114 ae
1118 2043 1298 2134 delinitum,
1325 2041 1503 2139 partimur

270 2165 363 2262 quis,
390 2163 469 2262 quid
494 2162 571 2259 ipsi,
597 2185 733 2233 munere
760 2161 869 2257 operis
897 2161 985 2235 illius
1012 2162 1095 2258 typis
1122 2159 1330 2234 describendi
1357 2170 1390 2232 et
1406 2157 1504 2232 divul-

271 2281 369 2376 gandi
397 2290 572 2381 suscepto,
599 2278 859 2377 praestiterimus
885 2279 1145 2378 praestandaque
1170 2279 1412 2377 putaverimus,
1448 2277 1504 2349 du·

269 2397 345 2472 hius
369 2399 513 2472 haereat.

370 2515 453 2588 Prae
472 2515 611 2588 caeteris
636 2515 670 2587 id
696 2513 799 2610 probe
826 2514 1006 2588 tenendum
1033 2523 1130 2612 atque
1153 2512 1406 2612 expendendum
1433 2535 1504 2586 essa

273 2656 459 2726 censemus,
487 2631 633 2704 divinum
650 2630 803 2705 Dentis
817 2631 1058 2728 Alllgherii
1084 2655 1216 2705 carmen
1233 2631 1274 2704 uh
1290 2631 1386 2704 initio
1402 2651 1504 2728 usque

273 2750 314 2823 ad
341 2751 441 2824 finem
466 2773 643 2848 peragrare
669 2749 811 2822 mundos
844 2760 879 2822 et
902 2774 1064 2847 supernos
1098 2761 1131 2822 et
1162 2750 1332 2843 infernos,
1366 2771 1504 2847 quorum

271 2867 411 2942 Romani
437 2867 563 2941 nullum
584 2867 653 2964 jam
679 2867 872 2941 invenerant
887 2867 1095 2961 Columhum,
1122 2878 1156 2940 et
1169 2868 1331 2942 divertere
1348 2868 1384 2939 in
1398 2868 1504 2964 regio·

271 2987 380 3080 nibus,
407 3009 546 3084 quarum
571 3009 678 3082 neque
705 3010 796 3058 oram
821 3009 929 3084 neque
955 2987 1194 3060 extremitatem
1207 2985 1300 3060 radio
1317 2987 1505 3084 perticaque

270 3105 356 3178 ullus
382 3105 473 3202 genti
498 3101 664 3177 Romanae
686 3103 755 3200 jam
781 3105 1002 3202 descripserat
1026 3103 1252 3179 Archimedes.
1299 3104 1505 3202 Quapropter

269 3222 391 3295 Pnzaa
415 3223 566 3296 Divinam
592 3221 804 3296 comoediam
825 3223 860 3295 iu
877 3223 1024 3318 linguam
1037 3222 1158 3294 veteris
1175 3221 1260 3296 Latii
1275 3222 1503 3296 transferendo

270 3351 304 3416 et
327 3339 478 3418 versibus
502 3339 647 3413 heroicis
672 3339 862 3436 virgilianis
896 3339 1134 3414 conscribendo
1167 3364 1233 3414 non
1266 3343 1374 3414 solum
1400 3342 1505 3434 ardui,

268 3459 507 3532 verumetiam
531 3481 637 3556 paene
662 3459 737 3530 nori
764 3459 843 3556 quid
869 3458 989 3533 iecisse
1014 3467 1048 3531 et
1072 3459 1108 3532 in
1133 3483 1265 3533 arenam
1278 3459 1402 3533 Romae
1422 3461 1504 3533 anti·

270 3599 353 3674 quae
378 3577 475 3674 plana
501 3556 761 3672 uou‘cognitam
787 3576 998 3650 descendisse
1025 3575 1159 3649 omnino
1181 3577 1383 3673 judicandus
1410 3591 1471 3652 est.

368 3694 467 3768 Aliud
491 3695 639 3792 prolecto
665 3705 728 3788 est,
752 3695 893 3768 lectores
907 3694 958 3767 rel
976 3695 1143 3768 auditores
1164 3720 1278 3770 secum
1296 3696 1448 3792 abripere
1472 3697 1505 3769 iu

270 3812 504 3910 omnipotentis
518 3811 647 3910 Olympi
662 3812 796 3886 domum
816 3823 851 3885 et
874 3811 1083 3886 introducere
1101 3813 1136 3887 iu
1151 3814 1400 3906 Coelicolarum,
1421 3839 1504 3912 quos

270 3929 386 4004 Gracci
420 3942 454 4004 et
485 3930 625 4004 Romani
656 3930 828 4024 colebant,
866 3942 1015 4024 coetum,
1053 3955 1152 4029 quam
1181 3932 1366 4030 expandere
1399 3933 1504 4006 oculis

269 4050 453 4148 animisque
480 4048 635 4146 Empyrei
654 4046 867 4147 Paradisique
889 4048 1067 4122 Christiani
1092 4051 1265 4146 mysteria,
1294 4049 1401 4147 qualia
1428 4049 1504 4122 libri

269 4190 336 4240 nou
362 4167 434 4240 sine
460 4167 572 4240 alllatu
599 4167 708 4239 divino
736 4167 849 4264 scripti
869 4167 1055 4265 perhibent,
1082 4179 1115 4241 et
1129 4169 1328 4266 perlustrare
1351 4169 1505 4264 ingentes

267 4284 488 4381 Angelorum,
523 4284 779 4383 Prophetarum,
804 4284 1053 4384 Apostolomm,
1077 4285 1275 4383 Martyrum,
1307 4286 1506 4361 Sanctorum

268 4415 302 4474 et
325 4386 502 4478 Beathrum
526 4404 671 4478 ordines.
722 4404 804 4490 Quis
830 4403 964 4478 inlitiari
989 4415 1118 4504 potest,
1152 4405 1254 4478 multo
1284 4405 1416 4479 lucillus
1450 4429 1506 4480 ex·
