3124 5170
85 349 89 459 l
540 399 737 456 rureuuouuu
754 403 855 458 xxxru
1196 404 1255 470 120

145 627 178 684 ta
195 617 298 683 Theba
319 637 405 682 nova.
426 651 469 666 -
491 621 608 684 interea
628 623 783 701 progressi
803 623 939 686 venimus
961 623 1040 697 illue,

195 729 333 806 stringor
352 729 405 793 ubi
427 729 543 810 gelidus
565 739 722 796 concretae
743 733 856 812 frigore
877 733 964 814 aquai

195 837 372 919 Comprimit
392 839 529 914 alterius,
552 841 632 904 velut
653 861 759 923 aspera
781 843 889 915 lescle,
911 844 1008 922 gentis

195 949 336 1023 Saecula,
358 968 420 1013 uera
442 951 558 1016 inverse
581 949 673 1024 sele,
687 952 741 1016 sed
763 961 866 1016 reduc
888 953 1004 1032 supina.

194 1059 294 1122 Fusus
315 1059 357 1122 ibi
378 1060 467 1122 betrus
488 1061 518 1122 iu
540 1061 628 1124 lletus
650 1080 710 1124 nen
732 1061 804 1124 sinit
824 1062 877 1135 ire,

146 1179 179 1232 tu
194 1169 289 1248 Inque
311 1168 408 1232 oculis
430 1169 517 1232 delur
539 1171 695 1234 cllcudeue
717 1169 879 1244 obstantia,
901 1177 983 1235 retro

195 1278 339 1352 Vertitur,
361 1279 503 1342 interiora
524 1287 645 1360 petens,
669 1280 858 1361 duplicatque
880 1281 1024 1344 delerem.

195 1387 329 1468 Namque
351 1389 397 1450 cri
418 1388 621 1466 agglomerant
641 1397 811 1468 stagnantes
832 1390 943 1468 bigerc
964 1399 1073 1468 guttae,

195 1498 329 1562 Cassidis
351 1507 439 1578 atque
460 1500 555 1582 instar
574 1500 684 1564 vitreae
705 1499 772 1563 loca
794 1517 923 1564 concava
943 1500 1061 1580 repleat

195 1607 350 1687 Palpebris
373 1607 515 1689 subjecta.
558 1609 643 1672 Licct
662 1609 736 1672 mibi
758 1609 869 1687 frigore
890 1628 998 1672 seusus

148 1727 179 1782 ta
196 1717 365 1798 Terpercut
385 1693 506 1792 omncs,
527 1718 609 1782 rclut
628 1718 830 1782 obdurescere
853 1719 928 1781 calle

195 1827 260 1888 llos
282 1833 343 1900 est,
366 1846 422 1891 uec
444 1829 606 1909 quidquam
628 1830 658 1891 iu
679 1829 745 1890 risu
763 1829 826 1909 jam
848 1829 929 1892 sedis
950 1828 1103 1904 baberent,

194 1936 305 2000 Nescio
327 1938 399 2018 quid
420 1939 498 2001 venti
520 1946 620 2001 tumen
640 1957 787 2018 ueruuare
808 1937 931 2002 videbar

196 2047 340 2120 Auribus,
363 2055 451 2127 atquc
472 2067 539 2112 mcc
562 2049 692 2112 docturi:
716 2048 792 2122 Quis
813 2057 912 2110 meret
933 2046 1047 2110 istum?

195 2157 302 2220 Nouae
323 2157 374 2218 bic
395 2157 570 2220 exstinctum
592 2158 652 2220 ridi
673 2174 768 2236 gcuus
790 2177 878 2220 omne
900 2155 1045 2236 vaporis?

138 2274 180 2327 1111
198 2266 229 2328 ls
249 2267 339 2328 mibi:
362 2286 432 2330 mcx
453 2267 524 2330 illuc
544 2267 662 2338 venies,
684 2267 737 2330 ubi
757 2268 844 2330 risus
861 2266 899 2329 ad
921 2268 986 2340 ista,

199 2375 282 2450 Quae
305 2377 439 2456 quaeris,
460 2395 605 2458 respousa
628 2378 725 2453 dabit,
749 2395 817 2440 eum
839 2395 944 2440 caussa
965 2374 1078 2456 patebit

93 2475 96 2547 Ι
198 2486 372 2566 luspicienti
395 2486 506 2561 oculis,
529 2488 651 2565 agitetur
674 2507 750 2568 quae
771 2487 847 2568 pluit
867 2505 965 2550 aurae.

93 2556 96 2683 ⁴
238 2599 335 2676 Atque
355 2596 502 2660 malorum
522 2615 614 2670 uuus,
638 2617 714 2677 ques
736 2597 842 2674 frigida
865 2605 964 2660 curata
984 2595 1146 2676 premebat,

197 2706 241 2768 ld
262 2724 339 2768 noe:
363 2705 389 2768 0
411 2706 540 2780 animae,
564 2706 722 2780 clamabat,
746 2706 837 2768 corde
858 2707 955 2768 lerino

139 2823 182 2878 111
197 2815 261 2888 Sic,
286 2823 318 2878 ut
338 2834 392 2878 vos
415 2834 530 2895 poenae
552 2817 640 2880 sedes
661 2824 813 2898 postrema
835 2823 976 2889 reservet,

197 2924 310 2988 demite
334 2924 406 2988 durs
429 2926 524 2990 cudis
544 2927 703 3000 velamina,
726 2935 761 2988 ut
781 2927 876 2990 exibis
898 2926 972 2988 altas

197 3034 361 3109 'rr-istium,
385 3053 443 3115 qua
464 3036 555 3098 corda
577 3053 649 3115 gere
669 3036 876 3116 praemanda,
899 3034 986 3097 dabar

196 3143 235 3206 bli
255 3145 345 3226 paulo
367 3154 451 3219 aute,
472 3147 541 3222 gelu
562 3146 698 3208 lacrimas
721 3163 809 3224 quam
831 3145 918 3206 duret
938 3145 970 3208 iu
992 3163 1054 3206 cre.

237 3254 276 3317 Ul
296 3255 336 3316 eit
356 3256 424 3334 opis
446 3263 582 3329 nostrae,
605 3254 678 3328 dixi,
701 3254 755 3318 tibi
778 3255 878 3333 copia,
903 3255 953 3333 qui
976 3254 1018 3316 sis

138 3369 181 3422 lit
195 3363 310 3440 Edarc3
333 3373 376 3438 al,
400 3365 459 3427 uisi
482 3372 510 3426 te
533 3363 659 3438 solvam,
683 3363 739 3426 sub
761 3364 893 3428 fluminis
914 3365 1003 3426 imam

195 3474 242 3536 lre
262 3474 337 3536 mibi
358 3474 484 3552 glaciem
506 3474 545 3536 sit
566 3493 653 3554 opus.
697 3475 782 3536 Tunc
803 3474 872 3536 talia
892 3473 985 3536 ludit:

195 3583 363 3646 hernicus
386 3601 458 3661 ego,
480 3583 557 3646 male
578 3585 639 3646 nati
661 3604 679 3647 a
701 3583 844 3648 tractibus
866 3583 945 3646 berti

195 3693 246 3756 llle
269 3711 327 3772 ego
350 3711 417 3756 sum
438 3693 546 3768 lretcr,
570 3702 699 3758 careum
721 3693 772 3774 qui
794 3694 852 3754 boc
874 3691 941 3769 lege
963 3692 994 3752 iu
1016 3709 1086 3752 arvo

92 3810 95 3869 l
195 3801 252 3866 Pro
274 3804 344 3866 lico.
366 3835 409 3849 -
431 3803 493 3876 0b,
517 3803 591 3876 dixi,
614 3821 691 3866 auus
713 3803 778 3866 dics
798 3811 828 3866 tc
846 3801 908 3883 jam
930 3800 1051 3864 abstubt
1073 3797 1158 3864 atral

93 3894 95 3937 ²
137 3914 230 3975 11111
250 3921 355 3976 contra
376 3911 443 3976 illc:
465 3911 531 3974 blec
554 3913 694 3992 quidnam
716 3913 754 3976 de
776 3929 904 3991 corpure
924 3911 985 3982 bat,

92 4006 96 4109 ξ
193 4021 249 4085 lut
270 4022 323 4084 ubi
345 4030 491 4084 terrenum
512 4031 643 4096 maneat,
665 4020 738 4084 mibi
761 4022 837 4084 scire
860 4021 984 4084 facultas

192 4131 278 4194 Nulla
301 4131 396 4194 datur.
441 4131 569 4194 'lautum
592 4132 650 4195 lert
670 4131 744 4192 bace
767 4131 959 4192 Proteuaru
982 4129 1068 4201 lucri,

193 4241 229 4302 Ut
250 4260 312 4304 nou
334 4260 403 4304 rare
425 4241 523 4304 anima
543 4241 574 4302 in
596 4257 742 4323 praeceps
764 4240 824 4302 buc
845 4239 977 4312 decidat,
1000 4245 1068 4300 ante

93 4322 96 4455 ἲ
193 4349 276 4415 Hauc
299 4371 336 4414 ex
358 4351 530 4414 carceribus
554 4369 641 4432 quam
662 4351 757 4414 mittat
777 4350 869 4410 Parca
891 4348 1028 4410 reclusis.

94 4458 96 4471 '
1184 4445 1201 4496 0
