3144 5164
303 435 366 496 374
750 435 886 484 rautnrsr
903 435 990 484 xxvii.
1479 384 1484 483 Ι

368 653 412 715 lle
434 652 507 714 ecla.
531 651 690 713 -Veluti
712 651 807 729 glacie
830 659 969 714 concreta
991 669 1135 731 vaporum

370 763 461 844 Copia
484 779 540 843 per
560 769 695 823 nostrum
717 761 866 823 delabitur
888 767 966 834 aera,
989 762 1083 824 solem

369 875 531 952 cornigera
551 879 692 950 tangente
715 889 822 951 capra3
845 871 891 932 sic
912 871 1031 934 aethera
1053 871 1113 933 ridi

319 990 353 1043 tto
369 984 505 1064 Desuper
526 981 626 1044 ornari
648 991 742 1044 totum
766 989 796 1043 et
817 981 902 1059 quasi
923 980 1032 1042 vellera
1053 980 1153 1043 lucum

370 1094 418 1156 lre
439 1091 682 1172 triumphantum,
706 1109 780 1170 quae
803 1107 919 1151 mecum
942 1089 1063 1151 sedibus
1086 1090 1145 1152 illis

370 1203 563 1266 Adstiterant.
607 1201 683 1263 lstas
706 1199 793 1262 ocule
816 1207 953 1261 servante
976 1199 1132 1279 sequebar,

370 1313 467 1393 Atque
490 1318 610 1373 seculus
634 1329 713 1372 eram
735 1309 801 1390 ripa
822 1317 909 1370 tenus
933 1308 1089 1381 intervalli,

373 1421 461 1497 Quod
483 1419 615 1482 medium
637 1427 691 1492 est,
715 1420 811 1481 donec
833 1418 974 1479 distantia
995 1437 1055 1479 nen
1078 1417 1162 1480 dedit
1182 1418 1269 1508 ultrp.

320 1550 354 1604 05
415 1531 513 1606 Quare
536 1529 587 1592 ubl
609 1537 751 1608 suspectu
772 1545 820 1589 me
841 1524 915 1588 vidit
937 1527 1010 1589 lliva
1032 1526 1170 1600 solutum,

372 1641 473 1722 chice
496 1657 576 1702 nunc
599 1638 713 1710 ocules,
736 1637 809 1698 mihi
832 1636 915 1710 dixit,
938 1645 968 1698 et
990 1637 1121 1717 adspice,
1145 1657 1203 1718 quc
1226 1647 1256 1700 tc

372 1751 509 1814 lnrenies
530 1767 659 1811 versum.
680 1781 723 1792 -
745 1747 811 1820 Qua
832 1747 960 1826 primum
983 1765 1018 1808 ex
1039 1749 1183 1828 temporis
1205 1749 1280 1812 hera

372 1859 511 1941 Desperi,
532 1857 593 1920 ridi
615 1875 663 1918 me
685 1856 873 1937 percurrisse
894 1857 1096 1936 quadrantem,

374 1971 468 2043 Quem
491 1967 578 2049 plaga
600 1967 697 2048 prima
718 1967 788 2029 lacit
810 1967 939 2028 medium
961 1974 1149 2043 transgressa
1172 1967 1231 2029 diei

323 2092 357 2144 tu
373 2081 544 2141 Extremum
567 2077 604 2140 ad
626 2077 725 2138 finem.
771 2075 869 2150 Quare
891 2075 964 2136 milri
987 2095 1111 2138 cernere
1133 2086 1246 2139 aratum

374 2188 470 2252 Stulte
494 2197 574 2250 trans
597 2187 695 2249 Gades
717 2187 814 2248 luerat
833 2186 924 2247 maris
947 2204 1060 2265 aequor
1080 2185 1173 2266 ulyxi,

374 2299 412 2362 Et
433 2299 506 2360 citra
529 2298 653 2378 propius
676 2295 766 2376 ripas,
791 2294 841 2356 ubi
863 2295 999 2372 Agenore
1020 2305 1089 2356 nata

374 2409 466 2471 Dulce
488 2410 571 2468 stetit
593 2406 720 2486 pondus.
763 2404 834 2466 Plus
857 2413 886 2465 et
907 2405 1054 2485 patuisset
1075 2405 1170 2485 aperti

374 2516 492 2580 Areola'
505 2537 539 2580 ex
562 2515 629 2590 ista,
652 2515 706 2577 sed
728 2513 775 2575 sol
796 2523 987 2594 processerat
1008 2515 1094 2588 ultra,

325 2630 358 2684 tt
375 2627 437 2690 Sub
460 2625 588 2707 pedibus
609 2625 732 2700 nostris,
755 2624 823 2705 plus
847 2642 935 2703 quam
957 2641 1048 2686 unum
1071 2623 1190 2686 tramite
1212 2625 1341 2705 signum.

420 2735 502 2804 Quae
525 2753 593 2797 sese
616 2735 746 2797 oblectat
767 2751 886 2814 semper
906 2751 993 2796 mens
1014 2733 1127 2814 percita
1150 2753 1252 2796 amore

377 2847 450 2908 Cum
471 2844 605 2916 Domina,
629 2844 724 2922 magis
747 2853 835 2923 atque
856 2843 951 2922 magis
973 2851 1044 2905 tunc
1064 2861 1169 2906 rursus
1191 2845 1229 2906 ad
1251 2845 1332 2907 illam

375 2954 506 3017 Ardebat
527 2972 668 3016 revocare
690 2954 810 3015 oculos:
833 2973 868 3016 ac
890 2954 916 3014 si
940 2955 1043 3015 allerat
1066 2973 1170 3016 omnes

375 3066 432 3129 Ars
455 3064 543 3126 simul
565 3070 595 3124 et
616 3071 721 3124 natura
743 3081 838 3135 escas,
861 3081 937 3142 quae
960 3063 1071 3125 lumina
1094 3072 1221 3144 captant,

325 3183 361 3238 80
376 3176 410 3238 ln
435 3193 524 3236 carne
546 3174 673 3235 humana
696 3171 835 3252 pictaque
858 3171 888 3233 in
911 3173 1039 3252 imagine
1062 3175 1161 3235 carnis

378 3285 525 3364 Capturae
546 3290 672 3354 mentes,
696 3281 796 3342 divina
819 3283 855 3343 ad
878 3283 993 3361 gaudia,
1016 3284 1128 3345 nostris

379 3395 461 3467 Quae
484 3393 623 3456 allulsere
646 3391 741 3454 oculis
761 3391 873 3453 vultum
896 3392 1073 3454 mirantibus
1094 3393 1177 3456 illum

377 3503 545 3577 Ridentem,
568 3521 626 3565 una
649 3521 753 3566 omnes
771 3501 892 3582 junctas
913 3502 988 3564 nihil
1011 3521 1080 3564 esse
1101 3503 1219 3566 faterer.

379 3613 522 3691 Quaeque
543 3611 617 3673 milri
639 3613 732 3674 virtus
755 3612 909 3674 oculorum
933 3612 1098 3675 indulserat
1118 3631 1215 3686 usum,

328 3727 361 3781 Bt
378 3720 507 3783 Pulchro
530 3741 578 3784 me
599 3723 671 3783 nido
694 3723 794 3785 Ledae
816 3721 944 3794 divulsit,
967 3731 996 3783 et
1017 3722 1097 3786 illam

379 3829 499 3910 lmpulit
519 3831 551 3892 in
573 3831 739 3910 sphaeram,
764 3851 840 3910 quae
862 3831 1049 3894 velocissima
1072 3833 1174 3895 lentur.

378 3940 501 4019 Singula
523 3959 594 4020 pars
614 3939 704 4020 hujus
727 3959 812 4020 quam
834 3940 1031 4016 vivacissima,
1053 3951 1084 4004 et
1105 3944 1162 4006 alta

379 4051 533 4122 Convenit,
555 4059 586 4112 et
607 4049 698 4111 simili
720 4061 791 4111 sunt
811 4060 916 4113 cuncta
936 4052 979 4115 ita
1000 4053 1133 4132 praedita
1155 4053 1259 4118 ferma.

379 4161 425 4236 Ut,
449 4179 538 4242 quam
559 4160 624 4222 Drur
645 4159 726 4238 legit
750 4177 810 4222 nnn
830 4162 870 4222 sit
890 4161 964 4224 milri
986 4161 1087 4224 dicere
1109 4163 1220 4226 sedem.

329 4281 363 4334 ee
423 4271 460 4331 alt
481 4269 663 4332 desiderium
686 4289 760 4350 quae
782 4279 906 4334 noverat
926 4271 977 4334 illa
999 4273 1134 4346 tacentis,

380 4379 492 4441 llidena
515 4389 573 4443 mm
596 4379 674 4444 laeto
695 4389 767 4444 tuuc
788 4381 890 4462 eoepit
911 4381 1002 4445 larier
1023 4399 1085 4452 cre,
