<?xml version="1.0" encoding="UTF-8"?>
<!DOCTYPE html PUBLIC "-//W3C//DTD XHTML 1.0 Transitional//EN"
    "http://www.w3.org/TR/xhtml1/DTD/xhtml1-transitional.dtd">
<html xmlns="http://www.w3.org/1999/xhtml" xml:lang="en" lang="en">
 <head>
  <title>
</title>
<meta http-equiv="Content-Type" content="text/html;charset=utf-8" />
  <meta name='ocr-system' content='tesseract 3.04.00' />
  <meta name='ocr-capabilities' content='ocr_page ocr_carea ocr_par ocr_line ocrx_word'/>
</head>
<body>
  <div class='ocr_page' id='page_1' title='image "./divinacomoedia00piazgoog_0268.png"; bbox 0 0 3142 5166; ppageno 0'>
   <div class='ocr_carea' id='block_1_1' title="bbox 75 446 811 525">
    <p class='ocr_par' dir='ltr' id='par_1_1' title="bbox 75 446 811 525">
     <span class='ocr_line' id='line_1_1' title="bbox 75 446 811 525; baseline 0 -27"><span class='ocrx_word' id='word_1_1' title='bbox 75 446 78 525; x_wconf 56' lang='lat' dir='ltr'><strong>i</strong></span> <span class='ocrx_word' id='word_1_2' title='bbox 551 447 731 500; x_wconf 78' lang='lat' dir='ltr'><strong>educeretur</strong></span> <span class='ocrx_word' id='word_1_3' title='bbox 750 447 811 498; x_wconf 85' lang='lat' dir='ltr'><strong>ttttt.</strong></span> 
     </span>
    </p>
   </div>
   <div class='ocr_carea' id='block_1_2' title="bbox 74 544 445 585">
    <p class='ocr_par' dir='ltr' id='par_1_2' title="bbox 74 544 445 585">
     <span class='ocr_line' id='line_1_2' title="bbox 74 544 445 585; baseline 0 -33"><span class='ocrx_word' id='word_1_4' title='bbox 74 544 445 585; x_wconf 44' lang='lat' dir='ltr'><strong>f--„-.„</strong></span> 
     </span>
    </p>
   </div>
   <div class='ocr_carea' id='block_1_3' title="bbox 71 612 1104 2172">
    <p class='ocr_par' dir='ltr' id='par_1_3' title="bbox 71 612 1104 2172">
     <span class='ocr_line' id='line_1_3' title="bbox 73 612 961 761; baseline 0 -31"><span class='ocrx_word' id='word_1_5' title='bbox 73 612 77 761; x_wconf 64' lang='grc'>1</span> <span class='ocrx_word' id='word_1_6' title='bbox 181 669 227 730; x_wconf 77' lang='lat' dir='ltr'><strong>An</strong></span> <span class='ocrx_word' id='word_1_7' title='bbox 250 667 359 730; x_wconf 80' lang='lat' dir='ltr'><strong>fuerim</strong></span> <span class='ocrx_word' id='word_1_8' title='bbox 380 665 514 740; x_wconf 88' lang='lat' dir='ltr'><strong>demens,</strong></span> <span class='ocrx_word' id='word_1_9' title='bbox 536 673 572 730; x_wconf 90' lang='lat' dir='ltr'><strong>ut</strong></span> <span class='ocrx_word' id='word_1_10' title='bbox 590 673 620 730; x_wconf 88' lang='lat' dir='ltr'><strong>te</strong></span> <span class='ocrx_word' id='word_1_11' title='bbox 640 667 796 730; x_wconf 86' lang='lat' dir='ltr'><strong>monuisse</strong></span> <span class='ocrx_word' id='word_1_12' title='bbox 816 665 961 732; x_wconf 79' lang='lat' dir='ltr'><strong>volebam.</strong></span> 
     </span>
     <span class='ocr_line' id='line_1_4' title="bbox 123 775 1089 856; baseline 0.004 -15"><span class='ocrx_word' id='word_1_13' title='bbox 123 787 166 841; x_wconf 78' lang='lat' dir='ltr'><strong>lut</strong></span> <span class='ocrx_word' id='word_1_14' title='bbox 183 778 257 841; x_wconf 86' lang='lat' dir='ltr'><strong>Cum</strong></span> <span class='ocrx_word' id='word_1_15' title='bbox 279 777 352 839; x_wconf 90' lang='lat' dir='ltr'><strong>mihi</strong></span> <span class='ocrx_word' id='word_1_16' title='bbox 370 775 433 856; x_wconf 84' lang='lat' dir='ltr'><strong>jam</strong></span> <span class='ocrx_word' id='word_1_17' title='bbox 454 793 601 838; x_wconf 86' lang='lat' dir='ltr'><strong>ennumm</strong></span> <span class='ocrx_word' id='word_1_18' title='bbox 621 793 751 855; x_wconf 90' lang='lat' dir='ltr'><strong>propere</strong></span> <span class='ocrx_word' id='word_1_19' title='bbox 774 776 971 842; x_wconf 71' lang='lat' dir='ltr'>descenderet</span> <span class='ocrx_word' id='word_1_20' title='bbox 992 797 1089 853; x_wconf 86' lang='lat' dir='ltr'><strong>erens,</strong></span> 
     </span>
     <span class='ocr_line' id='line_1_5' title="bbox 183 883 1018 965; baseline 0 -15"><span class='ocrx_word' id='word_1_21' title='bbox 183 887 260 950; x_wconf 88' lang='lat' dir='ltr'><strong>Tum</strong></span> <span class='ocrx_word' id='word_1_22' title='bbox 283 887 362 949; x_wconf 85' lang='lat' dir='ltr'><strong>eires</strong></span> <span class='ocrx_word' id='word_1_23' title='bbox 383 885 481 950; x_wconf 83' lang='lat' dir='ltr'><strong>nestri</strong></span> <span class='ocrx_word' id='word_1_24' title='bbox 502 902 597 965; x_wconf 87' lang='lat' dir='ltr'><strong>prope</strong></span> <span class='ocrx_word' id='word_1_25' title='bbox 620 883 734 948; x_wconf 80' lang='lat' dir='ltr'><strong>cotem</strong></span> <span class='ocrx_word' id='word_1_26' title='bbox 756 891 853 950; x_wconf 83' lang='lat' dir='ltr'><strong>cestra</strong></span> <span class='ocrx_word' id='word_1_27' title='bbox 874 886 1018 964; x_wconf 79' lang='lat' dir='ltr'><strong>locarent,</strong></span> 
     </span>
     <span class='ocr_line' id='line_1_6' title="bbox 183 994 1001 1074; baseline 0.002 -14"><span class='ocrx_word' id='word_1_28' title='bbox 183 994 436 1074; x_wconf 88' lang='lat' dir='ltr'><strong>Centulerantqne</strong></span> <span class='ocrx_word' id='word_1_29' title='bbox 457 1013 573 1068; x_wconf 89' lang='lat' dir='ltr'><strong>manns,</strong></span> <span class='ocrx_word' id='word_1_30' title='bbox 596 996 729 1074; x_wconf 73' lang='lat' dir='ltr'>aggressi</span> <span class='ocrx_word' id='word_1_31' title='bbox 751 996 867 1060; x_wconf 82' lang='lat' dir='ltr'><strong>terdter</strong></span> <span class='ocrx_word' id='word_1_32' title='bbox 887 997 1001 1071; x_wconf 81' lang='lat' dir='ltr'><strong>hester,</strong></span> 
     </span>
     <span class='ocr_line' id='line_1_7' title="bbox 180 1103 1071 1188; baseline 0.006 -19"><span class='ocrx_word' id='word_1_33' title='bbox 180 1108 279 1186; x_wconf 76' lang='lat' dir='ltr'><strong>Atque</strong></span> <span class='ocrx_word' id='word_1_34' title='bbox 301 1123 357 1185; x_wconf 79' lang='lat' dir='ltr'><strong>ege</strong></span> <span class='ocrx_word' id='word_1_35' title='bbox 378 1113 446 1168; x_wconf 85' lang='lat' dir='ltr'><strong>reta</strong></span> <span class='ocrx_word' id='word_1_36' title='bbox 467 1105 530 1168; x_wconf 80' lang='lat' dir='ltr'><strong>Dee</strong></span> <span class='ocrx_word' id='word_1_37' title='bbox 552 1103 706 1178; x_wconf 77' lang='lat' dir='ltr'><strong>faciebam,</strong></span> <span class='ocrx_word' id='word_1_38' title='bbox 730 1106 835 1170; x_wconf 83' lang='lat' dir='ltr'><strong>eadem</strong></span> <span class='ocrx_word' id='word_1_39' title='bbox 856 1107 922 1186; x_wconf 87' lang='lat' dir='ltr'><strong>ipse</strong></span> <span class='ocrx_word' id='word_1_40' title='bbox 941 1118 1071 1188; x_wconf 84' lang='lat' dir='ltr'><strong>precata,</strong></span> 
     </span>
     <span class='ocr_line' id='line_1_8' title="bbox 184 1214 1010 1294; baseline 0.001 -16"><span class='ocrx_word' id='word_1_41' title='bbox 184 1215 269 1290; x_wconf 81' lang='lat' dir='ltr'><strong>Quae</strong></span> <span class='ocrx_word' id='word_1_42' title='bbox 289 1214 392 1276; x_wconf 81' lang='lat' dir='ltr'><strong>voluit</strong></span> <span class='ocrx_word' id='word_1_43' title='bbox 434 1215 510 1276; x_wconf 90' lang='lat' dir='ltr'><strong>Nam</strong></span> <span class='ocrx_word' id='word_1_44' title='bbox 532 1232 636 1276; x_wconf 86' lang='lat' dir='ltr'><strong>omnes</strong></span> <span class='ocrx_word' id='word_1_45' title='bbox 659 1214 718 1276; x_wconf 85' lang='lat' dir='ltr'><strong>iusi</strong></span> <span class='ocrx_word' id='word_1_46' title='bbox 739 1216 878 1294; x_wconf 83' lang='lat' dir='ltr'><strong>versique</strong></span> <span class='ocrx_word' id='word_1_47' title='bbox 900 1217 1010 1292; x_wconf 49' lang='lat' dir='ltr'><strong>suere,</strong></span> 
     </span>
     <span class='ocr_line' id='line_1_9' title="bbox 122 1324 1079 1406; baseline 0.007 -22"><span class='ocrx_word' id='word_1_48' title='bbox 122 1333 166 1386; x_wconf 84' lang='lat' dir='ltr'><strong>tlt</strong></span> <span class='ocrx_word' id='word_1_49' title='bbox 181 1326 216 1389; x_wconf 85' lang='lat' dir='ltr'><strong>tn</strong></span> <span class='ocrx_word' id='word_1_50' title='bbox 239 1325 316 1388; x_wconf 87' lang='lat' dir='ltr'><strong>mela</strong></span> <span class='ocrx_word' id='word_1_51' title='bbox 337 1343 436 1387; x_wconf 84' lang='lat' dir='ltr'><strong>amara</strong></span> <span class='ocrx_word' id='word_1_52' title='bbox 458 1324 555 1401; x_wconf 79' lang='lat' dir='ltr'><strong>rugae,</strong></span> <span class='ocrx_word' id='word_1_53' title='bbox 578 1333 608 1385; x_wconf 91' lang='lat' dir='ltr'><strong>et</strong></span> <span class='ocrx_word' id='word_1_54' title='bbox 627 1324 770 1386; x_wconf 85' lang='lat' dir='ltr'><strong>rictorem</strong></span> <span class='ocrx_word' id='word_1_55' title='bbox 791 1332 872 1405; x_wconf 82' lang='lat' dir='ltr'><strong>terge</strong></span> <span class='ocrx_word' id='word_1_56' title='bbox 893 1336 1079 1406; x_wconf 76' lang='lat' dir='ltr'><strong>prementem</strong></span> 
     </span>
     <span class='ocr_line' id='line_1_10' title="bbox 182 1433 1002 1516; baseline -0.001 -18"><span class='ocrx_word' id='word_1_57' title='bbox 182 1435 353 1516; x_wconf 86' lang='lat' dir='ltr'><strong>Spectande</strong></span> <span class='ocrx_word' id='word_1_58' title='bbox 375 1434 454 1496; x_wconf 87' lang='lat' dir='ltr'><strong>haud</strong></span> <span class='ocrx_word' id='word_1_59' title='bbox 476 1433 569 1496; x_wconf 91' lang='lat' dir='ltr'><strong>ulium</strong></span> <span class='ocrx_word' id='word_1_60' title='bbox 590 1434 713 1513; x_wconf 80' lang='lat' dir='ltr'><strong>percepi</strong></span> <span class='ocrx_word' id='word_1_61' title='bbox 734 1442 856 1514; x_wconf 88' lang='lat' dir='ltr'><strong>pectere</strong></span> <span class='ocrx_word' id='word_1_62' title='bbox 879 1453 1002 1498; x_wconf 87' lang='lat' dir='ltr'><strong>sensnm</strong></span> 
     </span>
     <span class='ocr_line' id='line_1_11' title="bbox 181 1542 1104 1618; baseline 0.007 -10"><span class='ocrx_word' id='word_1_63' title='bbox 181 1545 327 1608; x_wconf 77' lang='lat' dir='ltr'><strong>Laetitiae</strong></span> <span class='ocrx_word' id='word_1_64' title='bbox 349 1544 419 1606; x_wconf 85' lang='lat' dir='ltr'><strong>huie</strong></span> <span class='ocrx_word' id='word_1_65' title='bbox 441 1542 584 1617; x_wconf 68' lang='lat' dir='ltr'><strong>similem</strong></span> <span class='ocrx_word' id='word_1_66' title='bbox 607 1551 636 1608; x_wconf 88' lang='lat' dir='ltr'><strong>et</strong></span> <span class='ocrx_word' id='word_1_67' title='bbox 656 1543 747 1617; x_wconf 81' lang='lat' dir='ltr'><strong>vultu,</strong></span> <span class='ocrx_word' id='word_1_68' title='bbox 771 1546 935 1618; x_wconf 84' lang='lat' dir='ltr'><strong>temeraria,</strong></span> <span class='ocrx_word' id='word_1_69' title='bbox 959 1546 991 1609; x_wconf 91' lang='lat' dir='ltr'><strong>in</strong></span> <span class='ocrx_word' id='word_1_70' title='bbox 1013 1547 1104 1614; x_wconf 84' lang='lat' dir='ltr'><strong>altum</strong></span> 
     </span>
     <span class='ocr_line' id='line_1_12' title="bbox 182 1652 1017 1734; baseline -0.001 -14"><span class='ocrx_word' id='word_1_71' title='bbox 182 1654 316 1729; x_wconf 86' lang='lat' dir='ltr'><strong>Sublato,</strong></span> <span class='ocrx_word' id='word_1_72' title='bbox 340 1654 377 1716; x_wconf 91' lang='lat' dir='ltr'><strong>ad</strong></span> <span class='ocrx_word' id='word_1_73' title='bbox 399 1653 516 1718; x_wconf 82' lang='lat' dir='ltr'><strong>Numen</strong></span> <span class='ocrx_word' id='word_1_74' title='bbox 538 1652 676 1716; x_wconf 80' lang='lat' dir='ltr'><strong>clamavi:</strong></span> <span class='ocrx_word' id='word_1_75' title='bbox 698 1652 784 1716; x_wconf 85' lang='lat' dir='ltr'><strong>Haud</strong></span> <span class='ocrx_word' id='word_1_76' title='bbox 806 1654 933 1734; x_wconf 85' lang='lat' dir='ltr'><strong>amplius</strong></span> <span class='ocrx_word' id='word_1_77' title='bbox 956 1657 1017 1720; x_wconf 86' lang='lat' dir='ltr'><strong>irae</strong></span> 
     </span>
     <span class='ocr_line' id='line_1_13' title="bbox 71 1716 998 1847; baseline -0.001 -16"><span class='ocrx_word' id='word_1_78' title='bbox 71 1716 75 1831; x_wconf 52' lang='lat' dir='ltr'><strong>i</strong></span> <span class='ocrx_word' id='word_1_79' title='bbox 180 1766 271 1828; x_wconf 77' lang='lat' dir='ltr'><strong>Arma</strong></span> <span class='ocrx_word' id='word_1_80' title='bbox 293 1772 361 1828; x_wconf 84' lang='lat' dir='ltr'><strong>tuae</strong></span> <span class='ocrx_word' id='word_1_81' title='bbox 384 1763 483 1837; x_wconf 80' lang='lat' dir='ltr'><strong>umen,</strong></span> <span class='ocrx_word' id='word_1_82' title='bbox 504 1769 546 1836; x_wconf 81' lang='lat' dir='ltr'><strong>ut,</strong></span> <span class='ocrx_word' id='word_1_83' title='bbox 568 1761 678 1842; x_wconf 84' lang='lat' dir='ltr'><strong>placidi</strong></span> <span class='ocrx_word' id='word_1_84' title='bbox 700 1763 815 1826; x_wconf 77' lang='lat' dir='ltr'><strong>ridente</strong></span> <span class='ocrx_word' id='word_1_85' title='bbox 835 1781 998 1847; x_wconf 86' lang='lat' dir='ltr'><strong>parumper</strong></span> 
     </span>
     <span class='ocr_line' id='line_1_14' title="bbox 72 1836 1013 1955; baseline 0.003 -20"><span class='ocrx_word' id='word_1_86' title='bbox 72 1836 75 1911; x_wconf 54' lang='lat'><em>7</em></span> <span class='ocrx_word' id='word_1_87' title='bbox 123 1884 166 1938; x_wconf 77' lang='lat' dir='ltr'><strong>tte</strong></span> <span class='ocrx_word' id='word_1_88' title='bbox 182 1873 344 1955; x_wconf 88' lang='lat' dir='ltr'><strong>Temperie</strong></span> <span class='ocrx_word' id='word_1_89' title='bbox 366 1871 453 1946; x_wconf 84' lang='lat' dir='ltr'><strong>eecli,</strong></span> <span class='ocrx_word' id='word_1_90' title='bbox 477 1871 618 1937; x_wconf 82' lang='lat' dir='ltr'><strong>merulus</strong></span> <span class='ocrx_word' id='word_1_91' title='bbox 661 1871 761 1952; x_wconf 83' lang='lat' dir='ltr'><strong>Prope</strong></span> <span class='ocrx_word' id='word_1_92' title='bbox 781 1881 916 1954; x_wconf 86' lang='lat' dir='ltr'><strong>tempera</strong></span> <span class='ocrx_word' id='word_1_93' title='bbox 937 1876 1013 1940; x_wconf 83' lang='lat' dir='ltr'><strong>ritae</strong></span> 
     </span>
     <span class='ocr_line' id='line_1_15' title="bbox 71 1981 996 2139; baseline 0 -91"><span class='ocrx_word' id='word_1_94' title='bbox 71 2018 75 2139; x_wconf 38' lang='lat' dir='ltr'><strong>p</strong></span> <span class='ocrx_word' id='word_1_95' title='bbox 180 1985 247 2048; x_wconf 76' lang='lat' dir='ltr'><strong>tam</strong></span> <span class='ocrx_word' id='word_1_96' title='bbox 268 2001 418 2064; x_wconf 88' lang='lat' dir='ltr'><strong>suprema,</strong></span> <span class='ocrx_word' id='word_1_97' title='bbox 440 1982 534 2048; x_wconf 63' lang='lat' dir='ltr'><strong>mum</strong></span> <span class='ocrx_word' id='word_1_98' title='bbox 556 1981 674 2046; x_wconf 84' lang='lat' dir='ltr'><strong>veniam</strong></span> <span class='ocrx_word' id='word_1_99' title='bbox 694 2001 859 2064; x_wconf 88' lang='lat' dir='ltr'><strong>pacemque</strong></span> <span class='ocrx_word' id='word_1_100' title='bbox 879 1985 996 2062; x_wconf 63' lang='lat' dir='ltr'><strong>rogave</strong></span> 
     </span>
     <span class='ocr_line' id='line_1_16' title="bbox 182 2091 933 2172; baseline 0.001 -14"><span class='ocrx_word' id='word_1_101' title='bbox 182 2095 220 2158; x_wconf 84' lang='lat' dir='ltr'><strong>Et</strong></span> <span class='ocrx_word' id='word_1_102' title='bbox 241 2094 334 2156; x_wconf 88' lang='lat' dir='ltr'><strong>multe</strong></span> <span class='ocrx_word' id='word_1_103' title='bbox 354 2093 486 2156; x_wconf 89' lang='lat' dir='ltr'><strong>nendum</strong></span> <span class='ocrx_word' id='word_1_104' title='bbox 507 2091 684 2156; x_wconf 74' lang='lat' dir='ltr'><strong>minuissem</strong></span> <span class='ocrx_word' id='word_1_105' title='bbox 706 2091 806 2156; x_wconf 89' lang='lat' dir='ltr'><strong>dehita</strong></span> <span class='ocrx_word' id='word_1_106' title='bbox 824 2101 933 2172; x_wconf 82' lang='lat' dir='ltr'><strong>poene,</strong></span> 
     </span>
    </p>
   </div>
   <div class='ocr_carea' id='block_1_4' title="bbox 181 2201 951 2282">
    <p class='ocr_par' dir='ltr' id='par_1_4' title="bbox 181 2201 951 2282">
     <span class='ocr_line' id='line_1_17' title="bbox 181 2201 951 2282; baseline 0 -16"><span class='ocrx_word' id='word_1_107' title='bbox 181 2203 220 2274; x_wconf 79' lang='lat' dir='ltr'><strong>Ni</strong></span> <span class='ocrx_word' id='word_1_108' title='bbox 241 2204 447 2268; x_wconf 74' lang='lat' dir='ltr'><strong>Praenestinus</strong></span> <span class='ocrx_word' id='word_1_109' title='bbox 468 2202 599 2274; x_wconf 79' lang='lat' dir='ltr'><strong>Perses,</strong></span> <span class='ocrx_word' id='word_1_110' title='bbox 622 2201 694 2266; x_wconf 89' lang='lat' dir='ltr'><strong>dum</strong></span> <span class='ocrx_word' id='word_1_111' title='bbox 715 2201 851 2282; x_wconf 82' lang='lat' dir='ltr'><strong>supplice</strong></span> <span class='ocrx_word' id='word_1_112' title='bbox 874 2202 951 2266; x_wconf 90' lang='lat' dir='ltr'><strong>tellit</strong></span> 
     </span>
    </p>
   </div>
   <div class='ocr_carea' id='block_1_5' title="bbox 70 2248 1053 2502">
    <p class='ocr_par' dir='ltr' id='par_1_5' title="bbox 70 2248 1053 2565">
     <span class='ocr_line' id='line_1_18' title="bbox 71 2248 1053 2393; baseline 0.003 -16"><span class='ocrx_word' id='word_1_113' title='bbox 71 2248 74 2339; x_wconf 40' lang='grc' dir='ltr'>ἱ</span> <span class='ocrx_word' id='word_1_114' title='bbox 181 2314 261 2377; x_wconf 84' lang='lat' dir='ltr'><strong>Voce</strong></span> <span class='ocrx_word' id='word_1_115' title='bbox 283 2330 391 2393; x_wconf 84' lang='lat' dir='ltr'><strong>preces</strong></span> <span class='ocrx_word' id='word_1_116' title='bbox 413 2319 541 2384; x_wconf 85' lang='lat' dir='ltr'><strong>sanctas,</strong></span> <span class='ocrx_word' id='word_1_117' title='bbox 563 2311 659 2374; x_wconf 84' lang='lat' dir='ltr'><strong>nestri</strong></span> <span class='ocrx_word' id='word_1_118' title='bbox 680 2311 874 2386; x_wconf 85' lang='lat' dir='ltr'><strong>meminisset,</strong></span> <span class='ocrx_word' id='word_1_119' title='bbox 896 2311 948 2376; x_wconf 85' lang='lat' dir='ltr'><strong>nbi</strong></span> <span class='ocrx_word' id='word_1_120' title='bbox 969 2313 1053 2380; x_wconf 85' lang='lat' dir='ltr'><strong>ittum</strong></span> 
     </span>
     <span class='ocr_line' id='line_1_19' title="bbox 70 2369 986 2502; baseline 0.002 -14"><span class='ocrx_word' id='word_1_121' title='bbox 70 2369 74 2502; x_wconf 66' lang='grc' dir='ltr'><strong><em>ι</em></strong></span> <span class='ocrx_word' id='word_1_122' title='bbox 122 2436 167 2488; x_wconf 78' lang='lat' dir='ltr'><strong>tet</strong></span> <span class='ocrx_word' id='word_1_123' title='bbox 181 2424 219 2486; x_wconf 84' lang='lat' dir='ltr'><strong>Et</strong></span> <span class='ocrx_word' id='word_1_124' title='bbox 240 2423 337 2496; x_wconf 83' lang='lat' dir='ltr'><strong>detor,</strong></span> <span class='ocrx_word' id='word_1_125' title='bbox 360 2429 390 2484; x_wconf 90' lang='lat' dir='ltr'><strong>et</strong></span> <span class='ocrx_word' id='word_1_126' title='bbox 409 2421 505 2501; x_wconf 85' lang='lat' dir='ltr'><strong>pietas</strong></span> <span class='ocrx_word' id='word_1_127' title='bbox 527 2421 643 2486; x_wconf 80' lang='lat' dir='ltr'><strong>mourut</strong></span> <span class='ocrx_word' id='word_1_128' title='bbox 663 2422 859 2486; x_wconf 82' lang='lat' dir='ltr'><strong>miserescere</strong></span> <span class='ocrx_word' id='word_1_129' title='bbox 880 2425 986 2489; x_wconf 90' lang='lat' dir='ltr'><strong>nestri.</strong></span> 
     </span>
    </p>
   </div>
   <div class='ocr_carea' id='block_1_6' title="bbox 65 2519 1247 4474">
    <p class='ocr_par' dir='ltr' id='par_1_6' title="bbox 182 2519 1093 2722">
     <span class='ocr_line' id='line_1_20' title="bbox 182 2519 1093 2613; baseline 0 -17"><span class='ocrx_word' id='word_1_130' title='bbox 182 2535 220 2598; x_wconf 81' lang='lat' dir='ltr'><strong>tr</strong></span> <span class='ocrx_word' id='word_1_131' title='bbox 240 2541 273 2596; x_wconf 90' lang='lat' dir='ltr'><strong>tu</strong></span> <span class='ocrx_word' id='word_1_132' title='bbox 296 2533 362 2613; x_wconf 87' lang='lat' dir='ltr'><strong>quis</strong></span> <span class='ocrx_word' id='word_1_133' title='bbox 384 2531 512 2603; x_wconf 79' lang='lat' dir='ltr'><strong>tandem,</strong></span> <span class='ocrx_word' id='word_1_134' title='bbox 542 2549 631 2611; x_wconf 86' lang='lat' dir='ltr'><strong>quem</strong></span> <span class='ocrx_word' id='word_1_135' title='bbox 652 2539 786 2596; x_wconf 75' lang='lat' dir='ltr'><strong>neruum</strong></span> <span class='ocrx_word' id='word_1_136' title='bbox 808 2532 959 2612; x_wconf 87' lang='lat' dir='ltr'><strong>inquirere</strong></span> <span class='ocrx_word' id='word_1_137' title='bbox 981 2519 1093 2604; x_wconf 57' lang='lat' dir='ltr'><strong>mm</strong></span> 
     </span>
     <span class='ocr_line' id='line_1_21' title="bbox 182 2638 1073 2722; baseline -0.002 -16"><span class='ocrx_word' id='word_1_138' title='bbox 182 2645 253 2706; x_wconf 86' lang='lat' dir='ltr'><strong>Fert</strong></span> <span class='ocrx_word' id='word_1_139' title='bbox 274 2638 428 2704; x_wconf 73' lang='lat' dir='ltr'><strong>studium?</strong></span> <span class='ocrx_word' id='word_1_140' title='bbox 451 2640 501 2722; x_wconf 85' lang='lat' dir='ltr'><strong>qui</strong></span> <span class='ocrx_word' id='word_1_141' title='bbox 523 2640 628 2704; x_wconf 87' lang='lat' dir='ltr'><strong>ocules</strong></span> <span class='ocrx_word' id='word_1_142' title='bbox 649 2642 749 2716; x_wconf 82' lang='lat' dir='ltr'><strong>attere,</strong></span> <span class='ocrx_word' id='word_1_143' title='bbox 770 2649 805 2706; x_wconf 90' lang='lat' dir='ltr'><strong>ut</strong></span> <span class='ocrx_word' id='word_1_144' title='bbox 825 2640 926 2716; x_wconf 85' lang='lat' dir='ltr'><strong>crede,</strong></span> <span class='ocrx_word' id='word_1_145' title='bbox 949 2640 1073 2713; x_wconf 85' lang='lat' dir='ltr'><strong>solutos,</strong></span> 
     </span>
    </p>

    <p class='ocr_par' dir='ltr' id='par_1_7' title="bbox 69 2678 1150 2845">
     <span class='ocr_line' id='line_1_22' title="bbox 69 2678 1150 2845; baseline 0 -31"><span class='ocrx_word' id='word_1_146' title='bbox 69 2678 73 2845; x_wconf 53' lang='grc' dir='ltr'>Ι</span> <span class='ocrx_word' id='word_1_147' title='bbox 182 2754 280 2832; x_wconf 76' lang='lat' dir='ltr'><strong>Atque</strong></span> <span class='ocrx_word' id='word_1_148' title='bbox 302 2751 429 2816; x_wconf 77' lang='lat' dir='ltr'><strong>minam</strong></span> <span class='ocrx_word' id='word_1_149' title='bbox 450 2750 565 2814; x_wconf 78' lang='lat' dir='ltr'><strong>diruens</strong></span> <span class='ocrx_word' id='word_1_150' title='bbox 586 2749 744 2830; x_wconf 76' lang='lat' dir='ltr'><strong>loqueris?</strong></span> <span class='ocrx_word' id='word_1_151' title='bbox 765 2783 808 2800; x_wconf 89' lang='lat'><em>-</em></span> <span class='ocrx_word' id='word_1_152' title='bbox 828 2751 885 2814; x_wconf 84' lang='lat' dir='ltr'><strong>Hic</strong></span> <span class='ocrx_word' id='word_1_153' title='bbox 905 2750 1029 2825; x_wconf 83' lang='lat' dir='ltr'><strong>lumina,</strong></span> <span class='ocrx_word' id='word_1_154' title='bbox 1051 2749 1121 2820; x_wconf 80' lang='lat' dir='ltr'><strong>dut,</strong></span> <span class='ocrx_word' id='word_1_155' title='bbox 1144 2789 1150 2802; x_wconf 89' lang='lat'><strong>·</strong></span> 
     </span>
    </p>

    <p class='ocr_par' dir='ltr' id='par_1_8' title="bbox 69 2859 1040 2955">
     <span class='ocr_line' id='line_1_23' title="bbox 69 2859 1040 2955; baseline 0.002 -31"><span class='ocrx_word' id='word_1_156' title='bbox 69 2860 72 2955; x_wconf 75' lang='grc' dir='ltr'>Ι</span> <span class='ocrx_word' id='word_1_157' title='bbox 182 2863 222 2924; x_wconf 85' lang='lat' dir='ltr'><strong>tti</strong></span> <span class='ocrx_word' id='word_1_158' title='bbox 245 2879 365 2942; x_wconf 86' lang='lat' dir='ltr'><strong>qunque</strong></span> <span class='ocrx_word' id='word_1_159' title='bbox 384 2860 551 2932; x_wconf 86' lang='lat' dir='ltr'><strong>dementer,</strong></span> <span class='ocrx_word' id='word_1_160' title='bbox 573 2860 627 2924; x_wconf 86' lang='lat' dir='ltr'><strong>sed</strong></span> <span class='ocrx_word' id='word_1_161' title='bbox 648 2879 711 2925; x_wconf 89' lang='lat' dir='ltr'><strong>nen</strong></span> <span class='ocrx_word' id='word_1_162' title='bbox 731 2860 764 2924; x_wconf 95' lang='lat' dir='ltr'><strong>in</strong></span> <span class='ocrx_word' id='word_1_163' title='bbox 784 2859 904 2941; x_wconf 82' lang='lat' dir='ltr'><strong>tongins</strong></span> <span class='ocrx_word' id='word_1_164' title='bbox 925 2879 1040 2936; x_wconf 79' lang='lat' dir='ltr'><strong>nemin,</strong></span> 
     </span>
    </p>

    <p class='ocr_par' dir='ltr' id='par_1_9' title="bbox 121 2969 974 3050">
     <span class='ocr_line' id='line_1_24' title="bbox 121 2969 974 3050; baseline 0.005 -18"><span class='ocrx_word' id='word_1_165' title='bbox 121 2979 167 3035; x_wconf 71' lang='lat'><strong>125</strong></span> <span class='ocrx_word' id='word_1_166' title='bbox 183 2972 258 3034; x_wconf 89' lang='lat' dir='ltr'><strong>Nam</strong></span> <span class='ocrx_word' id='word_1_167' title='bbox 280 2970 367 3050; x_wconf 86' lang='lat' dir='ltr'><strong>eulpa</strong></span> <span class='ocrx_word' id='word_1_168' title='bbox 389 2971 494 3049; x_wconf 71' lang='lat' dir='ltr'><strong>exigna</strong></span> <span class='ocrx_word' id='word_1_169' title='bbox 515 2977 571 3044; x_wconf 85' lang='lat' dir='ltr'><strong>est,</strong></span> <span class='ocrx_word' id='word_1_170' title='bbox 594 2969 674 3050; x_wconf 88' lang='lat' dir='ltr'><strong>qued</strong></span> <span class='ocrx_word' id='word_1_171' title='bbox 696 2969 772 3033; x_wconf 84' lang='lat' dir='ltr'><strong>lirer</strong></span> <span class='ocrx_word' id='word_1_172' title='bbox 792 2978 875 3034; x_wconf 85' lang='lat' dir='ltr'><strong>terre</strong></span> <span class='ocrx_word' id='word_1_173' title='bbox 897 2973 974 3036; x_wconf 89' lang='lat' dir='ltr'><strong>tueri</strong></span> 
     </span>
    </p>

    <p class='ocr_par' dir='ltr' id='par_1_10' title="bbox 182 3080 1020 3163">
     <span class='ocr_line' id='line_1_25' title="bbox 182 3080 1020 3163; baseline 0.004 -20"><span class='ocrx_word' id='word_1_174' title='bbox 182 3082 229 3144; x_wconf 83' lang='lat' dir='ltr'><strong>tie</strong></span> <span class='ocrx_word' id='word_1_175' title='bbox 252 3081 363 3154; x_wconf 81' lang='lat' dir='ltr'><strong>decuit,</strong></span> <span class='ocrx_word' id='word_1_176' title='bbox 386 3081 576 3160; x_wconf 77' lang='lat' dir='ltr'><strong>stinguique</strong></span> <span class='ocrx_word' id='word_1_177' title='bbox 597 3081 692 3158; x_wconf 77' lang='lat' dir='ltr'><strong>magis</strong></span> <span class='ocrx_word' id='word_1_178' title='bbox 714 3080 873 3146; x_wconf 84' lang='lat' dir='ltr'><strong>tormidine</strong></span> <span class='ocrx_word' id='word_1_179' title='bbox 895 3100 1020 3163; x_wconf 83' lang='lat' dir='ltr'><strong>peenas,</strong></span> 
     </span>
    </p>

    <p class='ocr_par' dir='ltr' id='par_1_11' title="bbox 68 3176 1065 3364">
     <span class='ocr_line' id='line_1_26' title="bbox 68 3176 1065 3270; baseline 0.002 -18"><span class='ocrx_word' id='word_1_180' title='bbox 68 3176 71 3191; x_wconf 85' lang='lat'>&#39;</span> <span class='ocrx_word' id='word_1_181' title='bbox 184 3191 280 3266; x_wconf 86' lang='lat' dir='ltr'><strong>Quam</strong></span> <span class='ocrx_word' id='word_1_182' title='bbox 301 3189 363 3253; x_wconf 82' lang='lat' dir='ltr'><strong>ridi</strong></span> <span class='ocrx_word' id='word_1_183' title='bbox 384 3190 528 3265; x_wconf 66' lang='lat' dir='ltr'><strong>interium</strong></span> <span class='ocrx_word' id='word_1_184' title='bbox 549 3207 679 3270; x_wconf 88' lang='lat' dir='ltr'><strong>namque</strong></span> <span class='ocrx_word' id='word_1_185' title='bbox 701 3189 753 3254; x_wconf 89' lang='lat' dir='ltr'><strong>ilie</strong></span> <span class='ocrx_word' id='word_1_186' title='bbox 774 3190 907 3256; x_wconf 87' lang='lat' dir='ltr'><strong>membra</strong></span> <span class='ocrx_word' id='word_1_187' title='bbox 930 3199 1065 3270; x_wconf 65' lang='lat' dir='ltr'><strong>maratus</strong></span> 
     </span>
     <span class='ocr_line' id='line_1_27' title="bbox 181 3299 1034 3364; baseline -0.001 -1"><span class='ocrx_word' id='word_1_188' title='bbox 181 3300 321 3363; x_wconf 87' lang='lat' dir='ltr'><strong>Pendere</strong></span> <span class='ocrx_word' id='word_1_189' title='bbox 342 3300 384 3361; x_wconf 92' lang='lat' dir='ltr'><strong>mi</strong></span> <span class='ocrx_word' id='word_1_190' title='bbox 404 3299 517 3364; x_wconf 82' lang='lat' dir='ltr'><strong>videor.</strong></span> <span class='ocrx_word' id='word_1_191' title='bbox 539 3331 581 3346; x_wconf 90' lang='lat'>-</span> <span class='ocrx_word' id='word_1_192' title='bbox 603 3300 680 3362; x_wconf 85' lang='lat' dir='ltr'><strong>Tum</strong></span> <span class='ocrx_word' id='word_1_193' title='bbox 701 3299 748 3362; x_wconf 90' lang='lat' dir='ltr'><strong>sie</strong></span> <span class='ocrx_word' id='word_1_194' title='bbox 769 3319 804 3364; x_wconf 88' lang='lat' dir='ltr'><strong>es</strong></span> <span class='ocrx_word' id='word_1_195' title='bbox 825 3299 875 3362; x_wconf 78' lang='lat' dir='ltr'><strong>itta</strong></span> <span class='ocrx_word' id='word_1_196' title='bbox 896 3299 1034 3363; x_wconf 82' lang='lat' dir='ltr'><strong>resolvit:</strong></span> 
     </span>
    </p>

    <p class='ocr_par' dir='ltr' id='par_1_12' title="bbox 67 3409 1029 3495">
     <span class='ocr_line' id='line_1_28' title="bbox 67 3409 1029 3495; baseline 0.003 -24"><span class='ocrx_word' id='word_1_197' title='bbox 67 3423 71 3495; x_wconf 67' lang='lat' dir='ltr'><strong>t</strong></span> <span class='ocrx_word' id='word_1_198' title='bbox 184 3409 330 3484; x_wconf 88' lang='lat' dir='ltr'><strong>Quisnam</strong></span> <span class='ocrx_word' id='word_1_199' title='bbox 353 3416 382 3472; x_wconf 90' lang='lat' dir='ltr'><strong>te</strong></span> <span class='ocrx_word' id='word_1_200' title='bbox 403 3410 464 3472; x_wconf 89' lang='lat' dir='ltr'><strong>huc</strong></span> <span class='ocrx_word' id='word_1_201' title='bbox 485 3409 575 3489; x_wconf 78' lang='lat' dir='ltr'><strong>igitur</strong></span> <span class='ocrx_word' id='word_1_202' title='bbox 596 3409 688 3482; x_wconf 84' lang='lat' dir='ltr'><strong>duxit,</strong></span> <span class='ocrx_word' id='word_1_203' title='bbox 710 3410 738 3472; x_wconf 85' lang='lat' dir='ltr'><strong>si</strong></span> <span class='ocrx_word' id='word_1_204' title='bbox 759 3409 838 3474; x_wconf 78' lang='lat' dir='ltr'><strong>terne</strong></span> <span class='ocrx_word' id='word_1_205' title='bbox 858 3426 1029 3487; x_wconf 80' lang='lat' dir='ltr'><strong>regressum</strong></span> 
     </span>
    </p>

    <p class='ocr_par' dir='ltr' id='par_1_13' title="bbox 67 3500 1247 3600">
     <span class='ocr_line' id='line_1_29' title="bbox 67 3500 1247 3600; baseline -0.003 -17"><span class='ocrx_word' id='word_1_206' title='bbox 67 3500 70 3559; x_wconf 41' lang='grc' dir='ltr'>ἵ</span> <span class='ocrx_word' id='word_1_207' title='bbox 121 3538 167 3591; x_wconf 77' lang='lat' dir='ltr'><strong>tae</strong></span> <span class='ocrx_word' id='word_1_208' title='bbox 181 3520 330 3583; x_wconf 83' lang='lat' dir='ltr'><strong>Beersum</strong></span> <span class='ocrx_word' id='word_1_209' title='bbox 352 3537 443 3600; x_wconf 88' lang='lat' dir='ltr'><strong>pesse</strong></span> <span class='ocrx_word' id='word_1_210' title='bbox 464 3517 576 3600; x_wconf 75' lang='lat' dir='ltr'><strong>putas?</strong></span> <span class='ocrx_word' id='word_1_211' title='bbox 598 3553 641 3568; x_wconf 88' lang='lat'><em>-</em></span> <span class='ocrx_word' id='word_1_212' title='bbox 663 3520 722 3594; x_wconf 84' lang='lat' dir='ltr'><strong>Qui</strong></span> <span class='ocrx_word' id='word_1_213' title='bbox 744 3539 862 3584; x_wconf 82' lang='lat' dir='ltr'><strong>maerim</strong></span> <span class='ocrx_word' id='word_1_214' title='bbox 882 3527 939 3594; x_wconf 87' lang='lat' dir='ltr'><strong>est,</strong></span> <span class='ocrx_word' id='word_1_215' title='bbox 960 3537 1019 3586; x_wconf 88' lang='lat' dir='ltr'><strong>nec</strong></span> <span class='ocrx_word' id='word_1_216' title='bbox 1036 3527 1136 3584; x_wconf 86' lang='lat' dir='ltr'><strong>tamen</strong></span> <span class='ocrx_word' id='word_1_217' title='bbox 1149 3517 1247 3592; x_wconf 80' lang='lat' dir='ltr'><strong>hiscit,</strong></span> 
     </span>
    </p>

    <p class='ocr_par' dir='ltr' id='par_1_14' title="bbox 67 3606 1004 3733">
     <span class='ocr_line' id='line_1_30' title="bbox 67 3606 1004 3733; baseline 0.002 -41"><span class='ocrx_word' id='word_1_218' title='bbox 67 3606 70 3733; x_wconf 51' lang='grc' dir='ltr'>ξ</span> <span class='ocrx_word' id='word_1_219' title='bbox 182 3629 346 3710; x_wconf 87' lang='lat' dir='ltr'><strong>Respondi,</strong></span> <span class='ocrx_word' id='word_1_220' title='bbox 369 3637 400 3694; x_wconf 88' lang='lat' dir='ltr'><strong>et</strong></span> <span class='ocrx_word' id='word_1_221' title='bbox 418 3631 501 3704; x_wconf 76' lang='lat' dir='ltr'><strong>rir03</strong></span> <span class='ocrx_word' id='word_1_222' title='bbox 524 3648 625 3712; x_wconf 81' lang='lat' dir='ltr'><strong>quare,</strong></span> <span class='ocrx_word' id='word_1_223' title='bbox 646 3628 752 3692; x_wconf 86' lang='lat' dir='ltr'><strong>umbra</strong></span> <span class='ocrx_word' id='word_1_224' title='bbox 773 3630 876 3704; x_wconf 75' lang='lat' dir='ltr'><strong>electa,</strong></span> <span class='ocrx_word' id='word_1_225' title='bbox 898 3647 1004 3708; x_wconf 74' lang='lat' dir='ltr'><strong>regere</strong></span> 
     </span>
    </p>

    <p class='ocr_par' dir='ltr' id='par_1_15' title="bbox 66 3738 895 3820">
     <span class='ocr_line' id='line_1_31' title="bbox 66 3738 895 3820; baseline 0.001 -19"><span class='ocrx_word' id='word_1_226' title='bbox 66 3746 70 3793; x_wconf 81' lang='lat' dir='ltr'><strong>t</strong></span> <span class='ocrx_word' id='word_1_227' title='bbox 181 3739 225 3801; x_wconf 89' lang='lat' dir='ltr'><strong>Ne</strong></span> <span class='ocrx_word' id='word_1_228' title='bbox 247 3755 364 3818; x_wconf 88' lang='lat' dir='ltr'><strong>parens,</strong></span> <span class='ocrx_word' id='word_1_229' title='bbox 387 3738 483 3802; x_wconf 87' lang='lat' dir='ltr'><strong>sime</strong></span> <span class='ocrx_word' id='word_1_230' title='bbox 505 3739 633 3820; x_wconf 86' lang='lat' dir='ltr'><strong>pedibus</strong></span> <span class='ocrx_word' id='word_1_231' title='bbox 654 3738 830 3804; x_wconf 76' lang='lat' dir='ltr'><strong>meruimus</strong></span> <span class='ocrx_word' id='word_1_232' title='bbox 853 3739 895 3804; x_wconf 90' lang='lat' dir='ltr'><strong>uti</strong></span> 
     </span>
    </p>

    <p class='ocr_par' dir='ltr' id='par_1_16' title="bbox 66 3814 882 3928">
     <span class='ocr_line' id='line_1_32' title="bbox 66 3814 882 3928; baseline 0.012 -23"><span class='ocrx_word' id='word_1_233' title='bbox 66 3814 69 3905; x_wconf 68' lang='lat' dir='ltr'><strong>i</strong></span> <span class='ocrx_word' id='word_1_234' title='bbox 181 3849 220 3910; x_wconf 85' lang='lat' dir='ltr'><strong>Et</strong></span> <span class='ocrx_word' id='word_1_235' title='bbox 240 3867 296 3928; x_wconf 91' lang='lat' dir='ltr'><strong>pre</strong></span> <span class='ocrx_word' id='word_1_236' title='bbox 319 3855 348 3910; x_wconf 90' lang='lat' dir='ltr'><strong>te</strong></span> <span class='ocrx_word' id='word_1_237' title='bbox 369 3848 453 3913; x_wconf 83' lang='lat' dir='ltr'><strong>rives</strong></span> <span class='ocrx_word' id='word_1_238' title='bbox 473 3847 555 3914; x_wconf 90' lang='lat' dir='ltr'><strong>inter</strong></span> <span class='ocrx_word' id='word_1_239' title='bbox 573 3858 623 3914; x_wconf 90' lang='lat' dir='ltr'><strong>tua</strong></span> <span class='ocrx_word' id='word_1_240' title='bbox 645 3857 726 3914; x_wconf 88' lang='lat' dir='ltr'><strong>certa</strong></span> <span class='ocrx_word' id='word_1_241' title='bbox 746 3849 882 3914; x_wconf 85' lang='lat' dir='ltr'><strong>veluntas</strong></span> 
     </span>
    </p>

    <p class='ocr_par' dir='ltr' id='par_1_17' title="bbox 66 3918 1046 4040">
     <span class='ocr_line' id='line_1_33' title="bbox 66 3918 1046 4040; baseline 0.007 -23"><span class='ocrx_word' id='word_1_242' title='bbox 66 3918 69 4001; x_wconf 68' lang='lat' dir='ltr'><strong>t</strong></span> <span class='ocrx_word' id='word_1_243' title='bbox 183 3957 335 4020; x_wconf 53' lang='lat' dir='ltr'><strong>notetur.</strong></span> <span class='ocrx_word' id='word_1_244' title='bbox 359 3989 400 4003; x_wconf 91' lang='lat'><em>-</em></span> <span class='ocrx_word' id='word_1_245' title='bbox 422 3958 486 4021; x_wconf 76' lang='lat' dir='ltr'><strong>rua</strong></span> <span class='ocrx_word' id='word_1_246' title='bbox 509 3957 563 4032; x_wconf 74' lang='lat' dir='ltr'><strong>sn,</strong></span> <span class='ocrx_word' id='word_1_247' title='bbox 585 3959 691 4040; x_wconf 75' lang='lat' dir='ltr'><strong>inquit,</strong></span> <span class='ocrx_word' id='word_1_248' title='bbox 714 3959 1046 4024; x_wconf 63' lang='lat' dir='ltr'><strong>muneremunere</strong></span> 
     </span>
    </p>

    <p class='ocr_par' dir='ltr' id='par_1_18' title="bbox 65 4038 995 4474">
     <span class='ocr_line' id='line_1_34' title="bbox 65 4038 994 4148; baseline 0 -18"><span class='ocrx_word' id='word_1_249' title='bbox 65 4038 69 4145; x_wconf 65' lang='grc' dir='ltr'>Ῑ</span> <span class='ocrx_word' id='word_1_250' title='bbox 119 4077 166 4130; x_wconf 79' lang='grc'><strong>135</strong></span> <span class='ocrx_word' id='word_1_251' title='bbox 183 4067 307 4130; x_wconf 84' lang='lat' dir='ltr'><strong>insolita</strong></span> <span class='ocrx_word' id='word_1_252' title='bbox 328 4067 438 4143; x_wconf 88' lang='lat' dir='ltr'><strong>auditu,</strong></span> <span class='ocrx_word' id='word_1_253' title='bbox 460 4076 494 4130; x_wconf 91' lang='lat' dir='ltr'><strong>ut</strong></span> <span class='ocrx_word' id='word_1_254' title='bbox 514 4075 623 4148; x_wconf 77' lang='lat' dir='ltr'><strong>petent,</strong></span> <span class='ocrx_word' id='word_1_255' title='bbox 639 4063 734 4148; x_wconf 86' lang='lat' dir='ltr'><strong>&#39;quem</strong></span> <span class='ocrx_word' id='word_1_256' title='bbox 755 4069 876 4134; x_wconf 88' lang='lat' dir='ltr'><strong>numine</strong></span> <span class='ocrx_word' id='word_1_257' title='bbox 898 4069 994 4134; x_wconf 82' lang='lat' dir='ltr'><strong>amice</strong></span> 
     </span>
     <span class='ocr_line' id='line_1_35' title="bbox 182 4177 928 4261; baseline 0.008 -23"><span class='ocrx_word' id='word_1_258' title='bbox 182 4177 326 4251; x_wconf 67' lang='lat' dir='ltr'><strong>incedam</strong></span> <span class='ocrx_word' id='word_1_259' title='bbox 349 4195 442 4258; x_wconf 87' lang='lat' dir='ltr'><strong>quare</strong></span> <span class='ocrx_word' id='word_1_260' title='bbox 462 4178 604 4259; x_wconf 83' lang='lat' dir='ltr'><strong>precihus</strong></span> <span class='ocrx_word' id='word_1_261' title='bbox 627 4179 805 4260; x_wconf 81' lang='lat' dir='ltr'><strong>qnarrdeqne</strong></span> <span class='ocrx_word' id='word_1_262' title='bbox 823 4181 928 4261; x_wconf 84' lang='lat' dir='ltr'><strong>juvare</strong></span> 
     </span>
     <span class='ocr_line' id='line_1_36' title="bbox 180 4286 995 4370; baseline 0.005 -22"><span class='ocrx_word' id='word_1_263' title='bbox 180 4287 229 4349; x_wconf 80' lang='lat' dir='ltr'><strong>ite</strong></span> <span class='ocrx_word' id='word_1_264' title='bbox 251 4286 373 4364; x_wconf 79' lang='lat' dir='ltr'><strong>dignare</strong></span> <span class='ocrx_word' id='word_1_265' title='bbox 395 4289 464 4360; x_wconf 87' lang='lat' dir='ltr'><strong>tuis.</strong></span> <span class='ocrx_word' id='word_1_266' title='bbox 488 4295 519 4350; x_wconf 90' lang='lat' dir='ltr'><strong>et</strong></span> <span class='ocrx_word' id='word_1_267' title='bbox 538 4307 603 4368; x_wconf 85' lang='lat' dir='ltr'><strong>per,</strong></span> <span class='ocrx_word' id='word_1_268' title='bbox 627 4307 703 4369; x_wconf 82' lang='lat' dir='ltr'><strong>quae</strong></span> <span class='ocrx_word' id='word_1_269' title='bbox 724 4289 878 4354; x_wconf 85' lang='lat' dir='ltr'><strong>ardentius</strong></span> <span class='ocrx_word' id='word_1_270' title='bbox 900 4297 995 4370; x_wconf 89' lang='lat' dir='ltr'><strong>eptas,</strong></span> 
     </span>
     <span class='ocr_line' id='line_1_37' title="bbox 182 4396 901 4474; baseline 0.013 -18"><span class='ocrx_word' id='word_1_271' title='bbox 182 4398 261 4470; x_wconf 83' lang='lat' dir='ltr'><strong>ttro;</strong></span> <span class='ocrx_word' id='word_1_272' title='bbox 283 4397 310 4460; x_wconf 87' lang='lat' dir='ltr'><strong>ei</strong></span> <span class='ocrx_word' id='word_1_273' title='bbox 332 4396 510 4462; x_wconf 88' lang='lat' dir='ltr'><strong>Hetruseum</strong></span> <span class='ocrx_word' id='word_1_274' title='bbox 532 4399 621 4464; x_wconf 83' lang='lat' dir='ltr'><strong>licent</strong></span> <span class='ocrx_word' id='word_1_275' title='bbox 641 4398 696 4464; x_wconf 88' lang='lat' dir='ltr'><strong>tibi</strong></span> <span class='ocrx_word' id='word_1_276' title='bbox 716 4399 786 4464; x_wconf 85' lang='lat' dir='ltr'><strong>litus</strong></span> <span class='ocrx_word' id='word_1_277' title='bbox 808 4399 901 4474; x_wconf 87' lang='lat' dir='ltr'><strong>edire,</strong></span> 
     </span>
    </p>
   </div>
   <div class='ocr_carea' id='block_1_7' title="bbox 0 0 1576 5166">
    <p class='ocr_par' dir='ltr' id='par_1_19' title="bbox 0 0 1576 5166">
     <span class='ocr_line' id='line_1_38' title="bbox 0 0 1576 5166; baseline 0 4"><span class='ocrx_word' id='word_1_278' title='bbox 0 0 1576 5166; x_wconf 95' lang='lat' dir='ltr'><strong> </strong></span> 
     </span>
    </p>
   </div>
  </div>
 </body>
</html>
