3144 5164
303 393 363 456 370
752 392 885 443 certmst
903 393 979 444 xxrr.

367 611 530 693 Experiere
551 611 625 673 alias
648 611 786 685 chordas,
807 618 905 682 totut
926 611 992 692 ipse
1014 617 1150 673 remittas

368 723 474 794 Voces,
498 730 570 802 quot
593 724 712 783 tacitum
736 721 790 782 tibi
812 719 951 784 dentibus
973 721 1031 782 istc
1053 721 1216 783 momordit

368 833 476 894 Pectus
499 849 592 893 amor.
616 863 655 876 -
678 831 744 892 Non
766 849 814 891 me
836 830 920 892 latuit
941 849 1027 892 mens
1049 839 1153 893 sancta
1175 831 1308 911 potentis

318 948 352 1000 bo
369 941 491 1004 Coelum
512 941 639 1022 aquilae,
664 940 910 1021 quemchristus
933 948 1018 1013 amat,
1042 941 1227 1024 quinimmo
1250 940 1398 1014 ridebam,

369 1051 436 1124 Quo
458 1050 614 1113 moliretur
634 1051 823 1130 profitentem
846 1051 1003 1124 adducore,
1027 1062 1059 1113 et
1078 1050 1212 1130 inquam:

367 1160 412 1221 bd
435 1179 581 1222 summum
604 1160 775 1240 quicunque
795 1159 896 1221 valent
916 1177 970 1222 eor
990 1165 1105 1222 vertere
1127 1169 1252 1240 patrem,

369 1270 495 1343 Morsus,
519 1277 671 1332 certarunt
692 1270 781 1332 istum
802 1269 875 1332 mibi
897 1270 1017 1332 inurere
1039 1285 1181 1332 amorem.

368 1379 470 1442 Mundi
493 1387 597 1441 natura
618 1388 706 1458 atque
729 1379 786 1441 mei
810 1397 901 1452 mors,
926 1397 1014 1459 quam
1035 1382 1100 1460 ipse
1122 1379 1239 1452 subivit

320 1498 354 1556 bb
371 1489 408 1551 Ut
428 1490 545 1551 fruerer
563 1489 632 1560 vita,
655 1497 685 1550 et
707 1487 787 1568 quod
810 1498 913 1569 sperat
934 1489 1056 1552 nomine
1078 1489 1188 1552 Christi

370 1598 515 1679 Quisque,
538 1606 570 1659 ut
591 1615 656 1677 ego,
679 1599 784 1671 tideus,
807 1607 837 1660 et
859 1617 935 1679 quae
958 1598 1041 1660 cordi
1064 1598 1145 1662 intus
1166 1597 1305 1664 inhaeret

369 1707 505 1787 Cognitio
527 1707 600 1769 mibi
623 1708 710 1781 diota,
733 1708 847 1788 obliqui
870 1727 906 1770 ex
927 1709 1039 1770 vortice
1061 1709 1172 1770 amoris

369 1817 416 1879 lle
440 1817 528 1880 traxit
548 1817 682 1897 rectique
704 1817 788 1880 dedit
809 1817 982 1898 contingere
1004 1817 1111 1898 ripam.

370 1927 456 1989 Nunc
477 1928 548 1989 tolla
571 1927 685 1991 aeterni
707 1936 770 1989 toto
792 1927 960 1990 frondentia
982 1928 1013 1989 in
1036 1927 1124 1990 horto

321 2051 355 2104 co
372 2035 502 2099 cultoris
524 2037 597 2098 mibi
619 2037 743 2098 amanda
766 2057 843 2112 reor,
865 2045 953 2118 prout
974 2038 1096 2117 largiter
1115 2038 1172 2100 ista

372 2149 402 2208 ls
424 2147 524 2210 donat
547 2177 585 2192 «-
609 2146 770 2226 Postquam
795 2148 881 2222 taccd,
904 2147 1076 2210 dulcissima
1097 2148 1184 2210 coelo

371 2257 536 2318 Insonuere
559 2255 643 2328 mele,
667 2266 696 2319 et
717 2256 805 2319 simul
828 2265 874 2318 est
894 2257 1047 2320 modulata
1068 2259 1210 2332 Bnemrx,

371 2367 431 2429 Ter
451 2366 597 2446 plaudens
619 2367 740 2428 Sancto.
784 2367 827 2428 bc
848 2365 938 2429 veluti
960 2367 1016 2429 sub
1038 2366 1149 2430 lumine
1171 2378 1257 2431 acuto

370 2477 454 2539 illico
477 2493 601 2538 somnus
624 2475 692 2548 abit,
715 2485 794 2538 mota
818 2475 925 2538 virtuto
946 2475 1045 2538 ciente

321 2597 354 2651 05
371 2587 483 2658 Visum,
507 2605 582 2666 quae
604 2586 708 2665 rapide
730 2585 900 2665 splendoris
922 2587 959 2648 ad
981 2587 1057 2648 ostia
1077 2587 1170 2650 currit

370 2693 530 2757 lusinuans‘
551 2695 669 2763 tunicis.
693 2695 796 2776 etqui
818 2694 1042 2776 expergiscitur,
1065 2697 1167 2759 borret

372 2806 484 2868 Cuncta
505 2805 568 2866 suis
590 2803 723 2884 subjecta
745 2803 850 2875 oculis,
872 2811 931 2867 um
953 2807 1073 2868 nescim
1095 2805 1146 2869 ille
1167 2815 1214 2870 est

371 2914 521 2992 Evigilans
542 2912 652 2988 subito,
675 2914 745 2974 dum
767 2913 809 2974 illi
832 2931 1007 2976 succurrere
1029 2924 1127 2977 cessat

371 3022 520 3086 indicium
541 3023 667 3085 mentis:
689 3029 861 3086 nostrorum
882 3023 922 3085 ita
943 3023 1059 3105 depulit
1078 3042 1196 3087 omnem

321 3145 355 3198 'ld
371 3133 482 3196 labem
505 3133 600 3196 oculis
622 3133 681 3194 dux
701 3133 768 3195 dira
791 3133 854 3195 suis
875 3133 1058 3196 radiantibus
1079 3134 1156 3196 ultra

370 3245 525 3322 lugentem
546 3251 682 3306 tractum.
727 3243 782 3305 llio
803 3243 911 3306 mellus
931 3243 1005 3304 mibi
1027 3245 1114 3323 copia
1136 3245 1217 3306 nsua

371 3353 466 3426 Quam
488 3351 572 3432 prius
594 3355 716 3415 affulsit.
760 3353 835 3414 'lum
856 3353 953 3415 victus
974 3371 1069 3433 paene
1091 3363 1223 3434 stupore,

370 3463 443 3525 Cum
466 3481 560 3542 prope
581 3479 638 3524 nos
660 3470 796 3543 quartem
817 3461 960 3526 vidissem
982 3463 1096 3543 fulgere
1119 3463 1228 3537 lumen,

370 3571 453 3634 lllam
475 3573 614 3645 scitabar,
637 3591 713 3652 quoe
734 3571 780 3634 sic
800 3580 848 3634 est
868 3591 921 3634 ore
942 3573 1057 3636 locuta:

321 3695 354 3750 75
370 3681 434 3743 llac
455 3681 510 3743 sub
532 3681 597 3744 luce
619 3701 705 3744 suum
727 3691 878 3744 arrctorem
900 3682 1024 3745 miratur
1045 3692 1076 3746 et
1096 3684 1188 3758 ardet,

372 3791 455 3863 Quae
477 3791 561 3871 prior
581 3793 736 3854 aethereas
758 3790 856 3854 anima
877 3799 924 3853 cst
945 3791 1055 3854 emissa
1077 3793 1132 3855 sub
1155 3813 1253 3866 ouras,

373 3904 467 3974 Quam
490 3901 623 3980 quemvis
645 3899 757 3980 primae
779 3901 897 3963 virtutis
918 3902 1020 3964 dextra
1042 3903 1160 3965 crearit.

415 4011 452 4072 Ut
472 4010 566 4082 leons,
589 4022 784 4090 quaerente
806 4010 1052 4090 praeterlabente,
1074 4012 1199 4076 reclinat

373 4121 535 4191 Summum,
558 4118 627 4182 dein
649 4119 820 4200 propriori
841 4120 951 4199 surgit:
974 4121 1020 4182 sic
1042 4139 1106 4200 ego,
1129 4123 1220 4186 lando

321 4243 356 4298 8⁰
372 4232 434 4297 Sub
456 4229 544 4294 verba
565 4227 734 4302 admirans3
756 4227 825 4292 dein
847 4248 895 4292 me
916 4230 1024 4292 fiducia
1046 4233 1128 4312 cepit

371 4342 436 4404 Jam
458 4339 608 4403 desiderio
630 4338 783 4400 ardentem
803 4357 870 4402 mea
891 4357 1031 4420 promere
1051 4358 1158 4418 sensae
