3142 5166
322 437 384 502 144
766 413 1007 491 roncaronu'ur.

272 528 349 540 —n-

321 667 370 719 1⁰⁰
387 657 518 723 Comiter
538 667 680 740 exceptus
702 659 781 732 sedi,
805 677 863 740 qua
885 677 970 721 versa
992 657 1113 722 tenebat

386 771 518 848 Remigia
539 769 668 832 darum:
690 787 759 830 uam
781 787 901 849 semper
921 769 1060 830 convenit
1080 767 1188 840 isthuc,

386 882 463 960 Erga
485 879 640 942 Tartareas
663 879 832 958 quicunque
853 879 932 942 haud
954 877 1063 940 labitur
1083 878 1188 942 undas.

429 994 467 1054 At
487 989 542 1053 tihi
564 998 633 1052 nota
657 989 727 1050 olim
750 1007 825 1050 nova
848 989 880 1049 ni
900 988 948 1050 lex
969 988 1107 1063 abstulit,
1128 997 1178 1050 aut
1199 998 1229 1052 te

387 1102 466 1165 Usus
489 1106 639 1180 expertem
662 1099 750 1173 lecit,
774 1117 833 1178 quo
856 1117 945 1179 saepe
968 1096 1097 1160 canebas
1489 1136 1492 1157 .

323 1223 371 1278 1⁰⁰
388 1211 513 1274 Carmen
536 1216 716 1276 amatorum.
740 1207 899 1288 cupidique
922 1217 952 1268 et
973 1207 1064 1270 multa
1085 1208 1231 1270 moventis
1489 1182 1493 1241 l

388 1321 497 1383 Pectus
519 1338 586 1382 eras
609 1317 715 1380 solitus
735 1317 824 1397 pleua
845 1317 957 1380 donare
979 1318 1087 1397 quiete,

388 1431 432 1493 Ne
453 1431 554 1511 pigeat
575 1433 603 1490 te
626 1429 725 1508 aliquo
747 1434 876 1490 mentem
898 1425 1059 1502 solamine,
1083 1427 1152 1500 dixi,

388 1541 473 1602 Hanc
494 1556 631 1601 recreare
653 1553 787 1614 aegram,
812 1544 892 1599 tanta
915 1556 1004 1618 quam
1025 1537 1103 1600 molo
1124 1535 1269 1610 laborum,

387 1647 586 1720 domnonia,
609 1647 653 1708 via
676 1646 797 1727 pressit.
821 1678 861 1690 —
883 1645 974 1708 Amor
996 1647 1046 1727 qui
1067 1655 1167 1710 mente
1190 1655 1331 1728 repostus

323 1769 371 1820 11⁰
388 1761 453 1822 Alta
476 1760 556 1822 intus
578 1757 711 1838 loquitur
731 1773 865 1832 mecum3
889 1757 933 1819 sic
955 1757 1004 1818 illc
1025 1756 1148 1818 resolvit

388 1870 463 1933 l'am
484 1867 563 1930 dulci
585 1886 637 1929 ora
658 1885 751 1939 sono,
775 1874 807 1927 ut
827 1876 976 1947 pertentet
996 1867 1127 1948 pectoris
1149 1867 1207 1929 ima

388 1980 474 2043 Nunc
495 1995 615 2060 quoque
637 1994 726 2039 suave
747 1976 853 2040 melos.
877 2010 916 2022 -
939 1976 1121 2057 Praeceptor
1137 1986 1167 2040 et
1184 1977 1258 2058 ipse,
1282 1975 1447 2057 cohorsque
1489 1990 1493 2141 q

388 2089 475 2152 llunc
491 2089 574 2170 juxta
596 2106 691 2167 usque
714 2086 789 2150 adeo
811 2087 875 2148 risa
897 2095 943 2149 est
965 2093 1118 2154 contenta.
1142 2088 1248 2168 suique
1489 2146 1493 2209 Ι

387 2200 452 2262 Jam
476 2215 601 2278 compos
622 2197 699 2272 voti,
722 2195 812 2258 veluti
835 2195 862 2256 si
884 2215 971 2258 nemo
993 2205 1127 2259 moveret
1490 2214 1493 2247 ¹

324 2309 487 2372 necorde
509 2308 583 2370 alias
606 2325 703 2371 curas.
746 2306 790 2368 lta
812 2326 869 2368 uos
891 2307 1057 2370 consistere
1078 2306 1195 2370 hiantes
1490 2250 1494 2335 l

388 2417 557 2498 lntentique
579 2417 675 2490 notis3
697 2435 800 2478 rerum
822 2435 860 2478 en
881 2416 1043 2495 longaevus
1064 2417 1210 2480 honestus
1490 2344 1495 2486 l

388 2528 530 2600 Advenit,
553 2526 784 2608 increpitatque:
808 2525 886 2600 Quid
907 2526 967 2588 hoc
988 2533 1048 2600 est,
1071 2535 1194 2606 pectora
1215 2525 1320 2591 lenta?

389 2635 495 2711 Qualis
517 2633 694 2714 neglectus?
716 2635 795 2710 Quid
818 2633 927 2699 statis?
950 2635 1090 2710 Quaerite
1112 2654 1201 2700 cursu

326 2825 331 2838 ἱ
389 2747 534 2820 Mentem,
559 2765 694 2826 quaeque
716 2745 769 2807 Dei
791 2745 953 2826 prohibent
974 2764 1026 2808 vos
1048 2765 1101 2808 ora
1123 2748 1210 2820 tueri,

324 2869 373 2922 1⁰⁰
388 2857 495 2919 Ponite
518 2855 559 2917 ihi
582 2855 712 2918 exuvias.
755 2854 793 2916 Ut
814 2855 861 2916 iar
881 2855 1019 2918 loliumve
1041 2855 1171 2919 columhi

389 2967 423 3030 Si
445 2965 563 3047 quando
586 2972 726 3046 carpunt,
749 2963 837 3028 simul
859 2965 938 3027 inter
959 2964 1067 3046 pabula
1089 2975 1211 3040 stantes,

389 3077 452 3138 Nec
472 3083 701 3157 praeportaotes
723 3074 832 3136 fastum
854 3073 892 3138 de
913 3093 996 3138 moro
1018 3075 1190 3156 superhrun,

390 3187 422 3248 Si
445 3184 606 3267 quidquam
629 3193 751 3266 apparet
774 3185 958 3258 formidinis,
980 3183 1062 3247 ilicet
1083 3203 1182 3248 escam
1492 3242 1495 3265 ,

390 3295 555 3358 deseruere
577 3313 696 3368 omnes,
720 3313 791 3356 cura
811 3294 924 3375 majore
947 3303 1118 3376 premente:
1492 3274 1495 3329 Ι

323 3421 373 3474 1⁰⁰
389 3405 441 3468 Sic
462 3424 518 3486 ego
541 3403 713 3468 desenrisse
734 3403 829 3466 melos
851 3403 955 3480 turhae
977 3405 1026 3466 illa
1047 3403 1181 3468 novellae

389 3515 528 3596 Agmina,
551 3523 581 3576 et
602 3514 639 3576 ad
660 3523 792 3575 montem
814 3513 925 3594 pariter
946 3515 1127 3577 contendere
1148 3513 1217 3585 ridi,
1557 3505 1558 3577 l

390 3625 428 3688 Ut
449 3625 500 3705 qui
523 3624 619 3705 carpit
640 3624 710 3696 iter,
734 3641 790 3684 nec
812 3623 908 3697 novit,
932 3642 990 3704 qua
1011 3625 1051 3686 sit
1071 3625 1200 3706 eundum

391 3735 552 3808 Quaerenti
573 3741 697 3807 melam3
720 3749 777 3794 nec
796 3751 852 3796 nus
874 3734 974 3796 minus
995 3735 1103 3797 incitus
1125 3731 1215 3796 ardor

389 3843 434 3906 Er
454 3843 514 3906 illio
535 3861 664 3924 propere
685 3842 760 3923 ripis
782 3843 937 3906 discedere
959 3844 1069 3924 adegit.

432 4173 597 4255 lnprorioa
618 4173 690 4236 licet
711 4173 898 4256 disperderet
918 4174 1051 4256 undique
1073 4176 1149 4238 latos

389 4281 453 4346 llos
476 4283 545 4362 luga
566 4301 622 4366 per
643 4301 782 4366 campos,
805 4302 969 4366 gressuque
992 4285 1152 4366 animoque
1173 4291 1311 4365 petentes

390 4393 535 4468 llontem,
559 4412 619 4475 quo
641 4393 769 4476 impellit
789 4394 883 4467 ratio,
906 4395 979 4458 mihi
1001 4397 1149 4473 ohingere
1171 4393 1224 4456 lidi
