3142 5166
82 410 87 561 1
568 428 827 480 runcaroennn.
1199 375 1314 612 185]

82 570 85 713 Ι
191 649 257 713 linx
277 649 329 724 ait,
351 647 503 712 5551111555.
547 645 624 710 11155
645 645 768 719 senune,
792 663 849 726 qna
872 645 1005 710 caeditur
1025 645 1140 720 umbre,

143 769 175 824 55
191 759 297 822 Traxit
318 775 404 822 amor
426 757 543 820 cordas.
589 755 684 820 85551
702 763 736 818 nt
758 757 904 820 contraria
926 757 1053 832 frenum,

192 870 246 932 Est
267 887 356 950 opus.
401 867 435 930 ld
456 875 486 930 te
507 866 678 938 auditurum
699 883 769 928 reor
789 884 867 940 esse,
889 866 1065 946 priusquam

193 1089 328 1163 Intende,
351 1096 382 1150 et
403 1105 509 1150 cernes
531 1085 648 1149 turbam
670 1103 727 1146 nos
748 1093 816 1148 ante
838 1085 1008 1160 5515515555

83 1180 86 1189 ’
192 1199 328 1280 Namque
350 1196 447 1261 solaro
469 1203 594 1278 propter
615 1194 776 1275 speluncae
797 1193 924 1273 quiaque
944 1195 1067 1258 resedit

144 1312 178 1366 111
237 1309 322 1370 Tuae
343 1307 438 1386 magia
460 1314 549 1386 atque
570 1304 664 1383 magis
685 1303 814 1383 patefeci
836 1303 947 1366 lumina
967 1304 1060 1368 visne.

193 1419 232 1482 lto
251 1437 327 1500 praa
346 1436 396 1482 me
417 1415 592 1496 inspiciens,
615 1413 734 1476 indutas
756 1412 889 1478 vestibus
911 1413 1032 1476 umbras

193 1529 269 1602 111111,
292 1527 380 1609 queis
399 1527 497 1588 iuerat
516 1524 581 1588 saxi
603 1524 695 1596 color,
718 1529 808 1603 atque
829 1522 880 1585 ubi
901 1521 1001 1602 paullo

193 1638 319 1702 accessi
341 1636 479 1719 propius,
501 1632 591 1696 simul
611 1651 671 1696 una
692 1649 781 1696 voce:
803 1626 923 1694 Mora‘ol

197 1749 263 1811 Oro
281 1765 342 1830 pro
363 1747 460 1819 cobis,
482 1741 591 1816 audiri,
612 1749 643 1804 et
662 1741 784 1804 nomine
806 1741 923 1816 11151551,

84 1887 87 1902 ·
145 1863 178 1918 tt
194 1857 233 1920 lto
252 1857 374 1919 Petnrm
396 1863 485 1935 atque
506 1853 583 1916 alios
604 1851 690 1914 divos
712 1851 855 1932 dirasque
876 1851 993 1928 5555515

83 1906 87 2077 1
193 1967 321 2030 [tamum
343 1963 516 2046 compellari
538 1979 652 2026 omnes.
695 1960 782 2024 llautl
803 1969 938 2042 tempore
959 1970 1064 2024 nostro

84 2082 87 2103 ¹
194 2077 279 2141 llanc
300 2085 409 2138 terram
430 2089 589 2155 peragrare
609 2089 680 2134 reor
701 2079 760 2134 tam
781 2078 903 2152 pectore
924 2071 1000 2134 ‹luro

196 2187 393 2267 Quemquam,
416 2203 505 2265 quem
527 2182 623 2263 pietas
643 2181 723 2245 hand
745 2181 866 2243 vulnere
887 2181 992 2258 ligaret
1013 2181 1083 2256 acri,

195 2295 239 2372 si,
262 2315 339 2378 qnae
360 2292 516 2367 delendi,
539 2290 717 2371 adspiceret
749 2290 825 2352 Nam
841 2289 950 2354 ubisic
965 2298 1190 2372 properantum
1203 2299 1257 2365 est.

145 2411 179 2466 to
195 2406 233 2470 Ut
254 2413 353 2469 certos
375 2404 483 2468 borum
503 2419 627 2482 possem
648 2399 825 2480 dignoscere
845 2399 954 2476 rulms,

83 2506 87 2574 l
194 2517 234 2580 lli
257 2515 353 2596 gravis
376 2513 508 2578 emunxit
529 2509 634 2574 oculos
655 2509 752 2574 dolor.
795 2509 858 2574 llos
879 2527 935 2590 ego
957 2509 1007 2572 rili

194 2626 321 2689 lodutos
343 2624 461 2686 cilicum
482 2629 561 2685 texto
583 2637 650 2684 sum
671 2635 795 2684 cernere
819 2619 910 2694 visos.

195 2735 329 2799 atterum
353 2741 383 2797 et
403 2733 525 2797 51155155
546 2730 680 2794 humens
701 2730 841 2793 insistere
863 2729 977 2804 lullum,

82 2872 86 2963 Ι
194 2845 309 2927 lllaque
331 2843 472 2907 fulcimen
493 2841 570 2904 nixis
591 2840 681 2904 (labat
702 2839 841 2903 omuibus
863 2859 925 2902 ora.

83 2970 86 3059 j
147 2960 178 3014 55
196 2956 256 3029 815,
279 2973 356 3034 quos
377 2971 427 3016 ree
449 2951 532 3026 151111,
555 2969 653 3032 prope
671 2950 783 3030 temple
804 2951 971 3032 frequentia
994 2951 1078 3014 coeci

195 3065 282 3128 Stant
304 3063 427 3137 oraturi,
450 3060 531 3143 quod
553 3076 703 3142 quemque
724 3061 860 3124 bortatur
880 3067 1008 3137 egestas.

82 3062 86 3273 1
195 3175 278 3238 Alter
298 3173 350 3236 ubi
372 3171 496 3236 alterius
518 3187 609 3250 supra
631 3178 720 3251 caput
740 3169 882 3232 inclinato

82 3282 85 3427 1
196 3285 260 3348 8151
282 3285 388 3364 capito,
410 3291 445 3346 ut
466 3281 554 3345 citius
575 3279 672 3361 pietas
693 3279 869 3360 praecordia
890 3285 1000 3357 ungat,

195 3393 264 3456 Non
285 3393 375 3457 modo
397 3391 557 3456 verborum
578 3389 617 3452 ob
639 3390 779 3464 sonitum,
802 3398 831 3452 51
851 3387 1022 3452 miserabile
1042 3395 1165 3468 propter

82 3448 85 3589 ἔ
147 3516 180 3567 55
196 3502 395 3583 Spectaclnm,
418 3501 499 3584 quod
520 3518 582 3563 non
604 3517 692 3562 secus
714 3499 843 3581 adjurat,
865 3507 953 3579 atque
974 3504 1130 3575 regentum

82 3610 85 3701 ξ
196 3613 337 3693 Adspirat
357 3613 460 3676 rotie
486 3612 583 3690 Atque
604 3619 639 3673 ut
659 3610 713 3672 851
734 3609 845 3672 lumine
868 3616 970 3688 captos

82 3704 85 3803 Ῑ
194 3721 262 3786 1155
284 3723 354 3797 adit,
376 3719 456 3784 band
477 3720 563 3784 aliter
583 3719 660 3784 coeli
681 3719 731 3782 lnx
752 3720 878 3799 abnegat
901 3715 1016 3780 umbris

196 3834 229 3896 15
251 3833 374 3910 regione
397 3832 454 3906 illa,
476 3847 543 3894 maa
565 3837 636 3892 lunc
657 3830 709 3894 nbi
731 3847 819 3892 sensa
841 3827 994 3909 loquebar,

195 3944 271 4006 Sese
294 3943 406 4020 largiri.
448 3941 523 4004 llam
544 3941 640 4004 ferrea
661 3939 711 4002 lila
732 3939 864 4020 ligabant

81 4057 84 4119 i
145 4067 177 4120 55
194 4051 359 4133 Palpebras
381 4052 439 4114 illis
462 4059 551 4124 sutas,
575 4069 634 4130 quo
656 4069 740 4112 more
762 4049 856 4112 feroci

82 4138 84 4213 ff
193 4162 337 4242 Accipitri
359 4179 510 4242 uunquam
533 4161 621 4223 docili
644 4179 764 4224 servare
786 4158 929 4240 quietem.

82 4250 83 4265 ¹
236 4274 274 4334 bt
295 4271 368 4334 mibi
391 4280 461 4334 lunc
483 4271 542 4334 illis
565 4271 692 4353 iniurius
714 4289 782 4334 esse
804 4267 933 4340 videbar,

195 4385 279 4455 Quos
302 4400 358 4461 ego
382 4381 562 4462 spectabam.
586 4383 694 4444 51555
717 4382 870 4461 inspectus
893 4376 1017 4440 abirem.
