3136 5164
89 456 92 551 i
600 415 737 467 ranuursr
756 417 790 467 u.
1200 419 1261 484 291
1282 477 1288 482 ,

88 565 91 638 ¹
194 636 233 697 At
254 653 302 696 me
323 633 457 715 pastoris
479 635 612 713 supremi
634 651 690 695 vex
711 633 836 713 agapeti

195 745 338 806 sincerae
360 741 463 803 decuit
484 741 554 804 fidei
577 742 767 804 sanctissima
788 761 933 806 normam.

196 853 312 916 Credita
336 871 385 914 res
407 851 451 912 illi
473 860 535 924 est3
559 861 589 914 et
610 853 690 915 clara
712 853 743 914 in
765 853 831 914 luce
853 853 980 916 videnda

195 963 279 1024 Nuuc
301 961 375 1024 milri
398 961 477 1022 dicta
499 969 603 1040 patent
623 962 722 1044 hujus,
745 963 861 1024 ratione
884 963 1042 1044 modoque,

148 1085 179 1136 tt
197 1073 273 1146 Quo,
297 1071 323 1132 si
347 1071 465 1151 quande
488 1069 598 1150 aliquis
620 1072 780 1151 quidquam
803 1072 891 1134 simul
913 1073 1023 1136 usserit
1043 1082 1132 1154 atque

195 1183 264 1263 lpse
286 1180 375 1242 simul
398 1191 495 1259 negat,
519 1189 549 1240 et
571 1179 677 1242 salsum
702 1190 732 1242 et
752 1199 853 1242 verum
877 1199 944 1244 esse
967 1181 1092 1244 videbis.

237 1292 275 1352 Ut
297 1290 427 1372 primum
448 1289 527 1350 movi
548 1289 672 1368 vestigia
695 1307 762 1351 cum
784 1306 873 1368 grege
895 1301 1009 1363 sancte,

194 1401 348 1481 inceptum
372 1398 508 1471 sublime,
531 1398 593 1461 lieu
616 1398 788 1478 adspirante
810 1399 949 1477 benigue,

194 1509 318 1581 deduxi,
340 1507 518 1571 incumbens
540 1517 630 1580 tetus,
653 1508 722 1570 dum
742 1508 823 1588 jusu
846 1509 991 1582 merebat,
1316 1559 1319 1635 Ι

146 1627 178 1680 25
195 1618 357 1699 Imperium
379 1637 427 1680 me
449 1618 548 1690 dante,
571 1635 656 1680 meus
677 1617 841 1680 Belisarius
864 1635 965 1680 erma:
1316 1669 1318 1676 ,

197 1727 251 1789 Cui
273 1728 318 1789 sic
336 1727 439 1808 juncta
463 1726 519 1788 luit
540 1725 682 1790 eoelestis
704 1727 825 1788 dextera
847 1728 936 1806 regis,

85 1824 86 1833 ¹
195 1837 233 1900 Ut
255 1836 328 1898 mihi
351 1837 491 1898 suaderet
512 1833 612 1898 studio
634 1836 826 1916 requiescere
846 1838 878 1899 in
900 1838 972 1900 istc.

238 1946 282 2007 Ad
305 1965 382 2026 quac
403 1945 498 2026 prima
522 1961 620 2021 regas,
639 1946 702 2025 jarn
724 1957 772 2007 sat
792 1947 902 2009 iecisse
925 1955 1060 2028 putarem

85 2036 87 2044 ¹
196 2057 261 2118 llec
282 2056 337 2118 titi
358 2073 553 2135 responsum
576 2063 605 2116 at
626 2071 674 2115 me
696 2055 776 2134 cogit
796 2055 915 2133 longius
938 2055 981 2118 ire

147 2180 180 2232 aa
196 2166 268 2247 Ejus
291 2165 434 2238 conditio,
456 2175 545 2246 atque
566 2163 646 2226 aliud
670 2165 830 2245 quidquam
853 2165 964 2228 addere
986 2166 1083 2228 dictis.

84 2304 86 2315 >
197 2275 235 2338 Ut
255 2274 332 2337 bene
354 2274 531 2355 perspicias,
550 2274 633 2355 justo
656 2292 715 2354 quo
734 2275 803 2356 jure
825 2275 986 2338 verendum

195 2387 292 2465 Atque
314 2401 429 2446 sacrum
453 2384 571 2462 signum
593 2393 695 2446 contra
719 2383 882 2446 certamina
904 2393 984 2446 tunm

195 2492 339 2556 Permulti
360 2504 508 2565 moveant,
531 2503 562 2556 et
583 2493 633 2574 qui
657 2492 715 2555 sibi
736 2492 876 2564 vindicet,
899 2494 1000 2573 etqui

83 2604 86 2669 l
196 2603 314 2666 abnuet
334 2603 457 2665 adverse
479 2603 596 2678 nitens3
618 2621 698 2666 nuuc
720 2599 833 2683 accipe,
857 2611 967 2682 quanta

83 2771 85 2810 ἦ
149 2723 181 2778 ³5
196 2713 314 2776 Fecerit
335 2713 394 2774 hcc
415 2713 532 2792 signum
555 2712 672 2775 cunctis
693 2693 863 2774 venerabile
883 2711 988 2785 virtus,

83 2822 85 2839 '
197 2822 319 2902 ceperit
339 2841 375 2884 ex
395 2823 508 2903 illoque
530 2821 589 2894 die,
612 2839 680 2882 cum
702 2820 813 2884 lumina
835 2831 954 2884 noctem
1315 2885 1317 2908 Ι

82 2938 85 3055 q
197 2931 310 2994 Clausit
330 2932 362 2994 iu
384 2941 536 2994 aeternam
557 2930 666 3002 Palles,
689 2931 759 2994 huic
781 2929 899 2992 tradere
920 2949 1043 3011 regnum
1315 2924 1317 2999 i

196 3042 272 3104 Dum
295 3041 405 3104 studet.
448 3041 531 3104 llaec
552 3040 683 3104 uolucris
705 3059 760 3121 per
783 3041 858 3103 trina
880 3050 914 3102 ut
935 3042 1047 3104 sederit
1067 3041 1160 3106 Albae

196 3151 320 3216 Saecula
343 3159 375 3214 et
394 3151 528 3224 ulterius,
551 3151 641 3224 noeti,
663 3167 717 3214 sua
740 3167 867 3230 corpora
890 3151 986 3214 donec
1128 3157 1134 3166 '

81 3282 83 3307 ¹
148 3271 180 3324 tu
195 3261 294 3324 Puhes
317 3259 480 3340 tergemina
501 3260 579 3322 haud
602 3260 748 3324 dubitavit
768 3269 892 3340 prepter
913 3261 1039 3322 eandem

196 3371 352 3452 0bjeeisse
374 3370 462 3444 neci;
484 3370 635 3450 noctique,
657 3370 729 3450 quid
752 3369 847 3449 egerit
868 3370 934 3442 ista,

195 3482 293 3543 Triste
316 3478 493 3542 Sabinarum
515 3488 633 3560 tempus
655 3479 681 3541 si
704 3487 803 3542 mente
825 3479 967 3551 munires,

80 3582 82 3631 ⁵
193 3594 289 3671 Atque
312 3589 382 3652 inde
404 3607 501 3669 usque
522 3588 594 3651 illud
617 3597 745 3668 repetas,
768 3607 836 3651 curn
857 3597 979 3669 pectora
1002 3590 1082 3650 lerrn

79 3676 82 3785 f
195 3701 259 3762 Ulta
283 3717 369 3762 suum
387 3699 519 3762 admovit
540 3699 677 3760 Lucretia
699 3698 799 3778 prisca
821 3698 965 3770 dolorem,

78 3823 81 3862 i
147 3819 178 3872 te
194 3811 253 3873 Per
274 3817 390 3890 septem
411 3809 517 3870 victrix
538 3825 633 3887 reges,
656 3807 807 3870 dominatu
829 3808 1016 3889 propinquos

78 3997 80 4011 Ι
194 3919 325 4000 imperio
347 3919 378 3980 in
400 3917 544 3998 populos:
568 3918 658 3992 nesu',
680 3917 752 3999 quid
774 3919 901 3998 gesserit
915 3919 999 4011 ipse,

193 4030 228 4091 ln
249 4029 409 4100 Brennum,
433 4027 464 4088 in
486 4027 631 4107 Pyrrhum
653 4045 670 4088 u
692 4025 782 4088 claris
804 4027 885 4090 illata
906 4028 1048 4108 maniplis

193 4138 394 4210 Romulidum,
418 4138 509 4217 inque
531 4135 608 4198 alios
630 4153 716 4215 reges
739 4138 922 4220 socialiaque
944 4155 1035 4200 mma.

193 4248 294 4321 Quare
317 4247 495 4327 Torquatus,
517 4257 580 4338 tum
603 4247 761 4320 Quinctius
783 4264 799 4309 a
822 4247 958 4326 neglectu

76 4346 79 4371 '
144 4365 177 4418 att
194 4358 341 4420 cincinno
364 4357 470 4430 dictus,
492 4357 576 4420 lieeii
599 4355 743 4437 labiique
764 4356 873 4418 decora

1097 4456 1150 4509 lt*

76 4544 590 4569 μ-.--.-.-...--,,-
605 4559 731 4568 ,-..--
742 4533 1311 4567 η..----.-...-.-,-,.,,,,,,,,]
