3144 5164
325 360 387 424 384
783 364 916 414 rserursr
934 365 1000 416 xxx.

392 581 487 644 Altius
510 601 669 662 assurgens
691 580 779 644 nubis
802 581 961 645 ostendere
983 581 1073 646 talem

359 691 511 771 reincipit,
535 700 567 753 ut
589 691 674 754 stella
697 711 734 754 ex
754 691 888 754 minimis
911 693 1075 773 spectantis
1097 693 1128 756 in
1150 694 1209 756 istc

391 802 495 864 Funde
517 801 612 864 aciem
634 785 742 878 iugiatss
764 809 794 864 et
814 809 905 882 prout
926 801 1092 866 clarissima
1114 804 1189 866 sotis

391 911 505 973 Ancilla
529 911 676 986 adventat,
699 910 743 972 sic
766 910 882 972 coelum
905 911 1051 976 clauditur
1072 914 1139 976 uni-

393 1021 506 1101 Cuique
528 1029 609 1082 extra
631 1021 789 1094 flammam,
812 1039 888 1100 quae
911 1039 1015 1100 agmen
1036 1022 1237 1102 pulcherrima
1255 1024 1384 1101 claudie
1498 1036 1501 1051 '

390 1130 457 1192 Nun
479 1150 566 1192 secus
588 1131 646 1192 hoc
668 1131 779 1192 circum
799 1130 906 1192 ludens
928 1131 995 1194 sine
1016 1132 1076 1194 tine
1099 1133 1275 1213 triumphus,

342 1243 415 1311 lod
437 1261 496 1321 quo
518 1241 613 1302 rictus
635 1259 725 1313 eram,
747 1248 899 1320 punctum,
922 1241 1021 1304 simile
1043 1241 1161 1320 ignibus
1181 1242 1242 1304 illis

390 1350 521 1425 incluso,
545 1369 622 1432 quos
646 1349 780 1422 includit,
802 1367 963 1412 vanescere
985 1351 1098 1414 sensim

390 1459 479 1522 Visus
503 1470 532 1522 et
554 1459 701 1538 exstingui
724 1467 779 1520 est.
801 1491 844 1502 —
867 1459 966 1532 Quare
987 1480 1035 1522 me
1058 1480 1202 1541 quaerere
1223 1480 1330 1524 rursus

392 1569 433 1632 0s
456 1569 598 1634 Dominae
620 1587 720 1630 rerum
740 1569 866 1648 penuria
887 1587 1030 1651 amorque
1052 1570 1160 1650 coegit

433 1677 495 1740 Hac
516 1677 591 1742 mihi
613 1678 692 1740 dicta
714 1686 801 1741 tenus
824 1679 851 1740 si
873 1680 994 1742 omnino
1017 1680 1169 1743 includere
1190 1681 1223 1742 iu
1244 1701 1305 1744 una

341 1801 373 1855 15
391 1787 498 1850 Omnia
518 1787 605 1849 laude
626 1787 723 1862 velim,
746 1788 845 1850 minus
867 1789 923 1851 hnc
945 1807 1000 1868 ego
1022 1789 1078 1852 sim
1101 1789 1166 1854 vice
1188 1791 1318 1854 iunctus.

389 1897 457 1959 Nun
478 1896 576 1971 modo,
599 1916 689 1977 quam
711 1897 780 1972 vidi,
804 1906 886 1960 trans
908 1899 985 1986 fines
1007 1898 1096 1962 unica
1117 1910 1238 1964 nostros

389 2009 498 2070 Forma
519 2007 639 2070 modum
662 2008 787 2082 excedit,
810 2007 863 2070 sed
885 2008 1007 2086 dignum
1029 2017 1076 2070 est
1097 2011 1229 2086 credere,
1251 2012 1352 2076 solum

389 2117 539 2180 Artificem
561 2117 657 2198 ipsius
679 2126 742 2180 tuto
764 2119 822 2180 hoc
845 2116 973 2197 gaudere
995 2130 1112 2182 creatae

389 2227 516 2290 Formae
537 2235 688 2308 portento.
731 2227 788 2290 Hic
808 2247 857 2290 me
877 2227 987 2290 rictum
1009 2237 1117 2309 sponte
1138 2230 1254 2294 fatebor

340 2349 374 2400 tt
390 2337 472 2410 Plus,
494 2337 592 2416 atique
614 2357 703 2418 quam
724 2345 807 2419 parte
830 2337 877 2400 sui
898 2348 1057 2419 superatus
1078 2347 1109 2401 et
1129 2339 1256 2403 haerens

389 2447 563 2524 Argumenti
584 2466 714 2527 unquam
735 2448 861 2522 steterit,
884 2449 934 2528 qui
956 2449 1070 2511 comica
1092 2457 1207 2524 tractat,

390 2561 448 2618 Aut
469 2557 598 2636 tragicos
619 2557 746 2620 animos.
788 2558 923 2638 Namque
945 2567 978 2621 ut
997 2558 1097 2622 minus
1118 2567 1188 2639 apta
1210 2559 1323 2624 tuentis

390 2667 517 2729 Lumina
539 2667 595 2740 sni,
616 2668 690 2733 mihi
712 2667 758 2730 sic
779 2666 859 2730 risus
880 2668 1053 2732 meminisse
1073 2669 1191 2732 heautis

294 2776 295 2779 ’
390 2777 478 2838 Parte
499 2777 546 2839 sui
568 2777 676 2839 minuit
696 2788 835 2839 mentem.
881 2778 947 2851 Quo
969 2797 1003 2840 ex
1026 2789 1159 2859 tempore
1180 2779 1312 2860 primum

340 2894 374 2948 tt
391 2885 474 2948 illius
495 2885 526 2947 in
549 2886 637 2950 terris
658 2887 732 2948 mihi
753 2905 876 2950 cernere
899 2887 1021 2967 contigit
1043 2907 1106 2962 era,

390 2995 455 3058 Hoc
475 3015 571 3076 usque
593 2997 631 3058 ad
653 2995 757 3070 risum,
780 3015 841 3060 non
862 2996 1005 3060 intercisa
1026 2998 1164 3078 sequenti

389 3105 541 3168 Hactenus
563 3105 621 3168 ista
645 3106 699 3168 suit
719 3106 777 3168 rati
799 3106 862 3181 ria;
885 3108 939 3170 sed
962 3108 1051 3170 modo
1074 3115 1192 3188 eportet

388 3214 660 3278 Praeteriaheutem
683 3215 806 3280 ulterius
829 3215 976 3280 desistere
998 3236 1079 3280 cura.

389 3326 427 3387 Ut
448 3326 534 3400 solet,
556 3325 595 3388 ad
616 3344 764 3388 summum
785 3345 852 3388 cum
873 3327 961 3402 venit,
984 3328 1111 3408 quisque
1131 3329 1248 3407 peritus

338 3437 372 3490 an
388 3435 482 3511 Artis3
505 3453 566 3497 nou
588 3435 674 3498 aliter
695 3434 792 3516 qualis
813 3455 892 3498 nunc
913 3437 980 3517 ipsa
1000 3437 1121 3500 renidet

388 3544 480 3606 Missa
502 3546 566 3618 erit,
589 3546 743 3627 utentique
764 3545 835 3608 tuba
856 3545 934 3610 hauc
955 3546 1068 3628 majore
1090 3565 1219 3622 reservo,

390 3652 485 3727 Quam
505 3664 609 3718 nnstnr
630 3656 688 3720 ista
710 3657 774 3732 init,
797 3657 982 3737 quaesitam
1004 3658 1152 3720 deducere
1175 3665 1263 3724 cautu

387 3762 539 3826 Materiam
560 3773 710 3846 properat,
732 3766 822 3845 lengo
844 3767 929 3846 quasi
949 3767 1049 3829 iuncta
1070 3767 1183 3830 labere.

430 3873 512 3935 tiore
534 3892 569 3936 ae
590 3893 662 3936 rece
684 3875 770 3937 ducis
791 3876 923 3958 prompti
943 3895 1062 3938 rursum
1084 3877 1134 3938 illa
1155 3877 1255 3939 locuta
1277 3885 1338 3941 est:

337 3993 370 4050 tt
387 3983 448 4044 Nos
471 4001 574 4045 sumus
595 3985 708 4062 egressi
729 3985 841 4066 majore
863 4004 1045 4065 excerpere
1067 3987 1104 4048 ad
1126 3985 1208 4060 iilud,

388 4093 475 4165 Quod
496 4111 578 4156 mera
599 4093 650 4156 lux
670 4093 788 4156 coelum
809 4103 875 4172 θείς
896 4095 946 4158 lux
966 4095 1076 4158 mentis
1097 4114 1198 4158 amore
1218 4095 1344 4176 repieta,

388 4201 501 4282 Optimi
523 4221 624 4266 amore
644 4202 727 4278 beni,
751 4205 798 4268 cui
820 4204 909 4284 gaudi
931 4205 1018 4284 copia
1039 4204 1180 4278 abundat,

387 4310 481 4374 Gaudt
501 4313 648 4378 vincentis
670 4314 816 4393 grutemc
838 4314 935 4395 dulcia
956 4323 1073 4380 cuncta.
