3142 5166
375 590 472 651 Fusus
495 587 526 648 in
549 583 727 664 obsequium
749 580 875 662 supplex
896 580 1056 661 positoque
1078 584 1194 664 pudore
1281 619 1286 628 ·

376 697 525 770 Constitit,
548 702 581 756 ut
601 709 716 774 poenae
737 690 840 753 dilecti
862 707 972 771 corpus
994 691 1080 754 amici

374 807 520 887 Eriperel,
542 803 673 865 vinetum
695 819 784 881 quem
805 799 900 862 tristis
923 819 1026 862 carcer
1046 800 1174 866 habebnt

310 917 503 988 leucocoum
526 915 552 975 is
574 912 652 974 hond
674 910 790 972 cunctis
810 909 895 972 venis
916 910 1040 973 horrere
1061 911 1180 988 refugit.

419 1023 565 1087 Ulteriora
586 1021 640 1084 tibi
661 1019 740 1083 houd
761 1019 884 1096 addam
905 1037 954 1081 me
976 1018 1126 1082 involvere
1147 1038 1217 1084 rere

376 1133 521 1196 Obscuris
544 1131 624 1206 scio,
647 1129 700 1193 sed
721 1147 828 1209 parum
850 1127 937 1191 obest
957 1148 992 1192 ea
1013 1128 1159 1209 temporis
1181 1130 1264 1204 bore,

375 1245 458 1316 Cum,
481 1242 531 1322 qui
554 1249 582 1302 te
604 1240 750 1318 attingunt
771 1238 896 1318 propius
918 1237 956 1300 de
978 1246 1065 1316 gente
1086 1239 1265 1320 propinqua,

374 1352 528 1426 Efficient,
552 1359 582 1413 ut
604 1349 721 1430 etipse
743 1366 835 1428 quens
858 1348 906 1410 bis
928 1346 1049 1410 demere
1070 1347 1167 1410 velum

309 1476 358 1528 13⁰
375 1461 446 1524 lale
468 1461 564 1522 virum
586 1459 701 1522 lacinus
724 1456 870 1520 subtraxit
891 1455 999 1520 linibus
1022 1456 1091 1519 illis.

251 1557 254 1607 l

869 1719 943 1802 xli.

373 1901 439 1962 Non
462 1915 550 1960 secus
578 1905 666 1978 etque
685 1897 757 1978 jugo
780 1897 848 1960 nexi
869 1895 927 1960 bos
948 1915 1026 1960 unus
1049 1905 1078 1961 ct
1099 1895 1181 1972 aller,

372 2009 456 2071 llnnc
477 2008 588 2088 pariter
609 2005 719 2070 vadens
741 2005 878 2070 umbram
899 2007 1063 2070 comitabor
1087 2015 1234 2082 onustam,

373 2117 475 2181 Dulcis
497 2117 568 2179 dum
589 2117 697 2180 ductor
717 2115 794 2179 tulit
836 2113 891 2178 bet
911 2116 962 2179 ubi
984 2117 1076 2179 farier
1096 2117 1177 2180 inlit:

373 2228 454 2290 blitte
476 2227 555 2289 bono
577 2235 607 2288 et
628 2235 728 2302 unum
751 2244 878 2306 numque
900 2233 947 2288 est
967 2244 1018 2288 res
1039 2227 1152 2306 optima
1173 2227 1265 2290 remis

266 2328 268 2336 ’
339 2337 412 2400 bEt
431 2337 505 2400 velis
527 2336 638 2399 isthinc
658 2337 687 2398 vi
710 2353 825 2398 summa
846 2334 1000 2416 impellere
1022 2335 1159 2411 cimbam,

373 2447 451 2510 llole
473 2465 538 2510 mec
561 2451 699 2519 stantem,
726 2464 782 2507 ceu
805 2445 855 2525 qui
878 2445 977 2508 studet
998 2445 1058 2520 irc,
1079 2447 1179 2526 parari

373 2557 420 2620 lle
441 2575 561 2628 rursus,
584 2573 763 2636 quamquam
785 2553 915 2618 demisso
938 2563 967 2618 et
988 2571 1093 2617 mance
1114 2565 1249 2619 maneret

372 2665 456 2727 llens
478 2664 561 2726 mibi.
604 2663 668 2742 Ego
690 2663 855 2728 institeram
876 2665 1000 2744 uestigia
1022 2664 1113 2726 corde
1133 2663 1247 2728 lubenti

372 2774 455 2836 Pone
477 2773 600 2846 ducem,
623 2780 654 2834 et
673 2793 743 2852 pes,
767 2773 838 2854 quid
859 2773 977 2836 levitate
998 2773 1123 2847 valeret,
1145 2775 1279 2856 ulnisque

324 2894 355 2947 lo
373 2881 520 2944 Ostendit.
565 2881 638 2944 Curn
661 2882 706 2942 sic
726 2880 786 2944 dnn
808 2883 876 2946 lori:
898 2883 986 2948 Verte
1009 2884 1149 2946 deorsum

371 2991 513 3065 Lumine,
536 2991 609 3064 erit,
632 2991 821 3072 dum‘carpis
843 2991 915 3067 iter,
939 2992 992 3055 tibi
1013 2993 1100 3056 dulce
1121 2993 1255 3056 levamen

372 3101 468 3164 Strato
489 3101 590 3164 videre
612 3100 679 3174 soli,
703 3111 779 3181 quoe
800 3101 872 3164 dant
892 3101 1032 3164 incedere
1053 3101 1171 3182 plantis.

371 3211 495 3273 Terreni
517 3219 549 3273 nt
572 3210 675 3274 tumuli
698 3191 889 3292 praepollent
910 3211 1008 3274 fronte
1030 3211 1139 3292 sepulti

369 3319 522 3398 Effigiem,
545 3329 577 3382 ut
599 3321 716 3383 discant
737 3321 827 3402 bujns
848 3321 1021 3383 meminisse
1042 3331 1178 3401 nepotes,

323 3445 353 3498 ιιι
370 3431 481 3505 (Quare
504 3449 595 3509 saepe
617 3429 679 3492 illie
700 3431 802 3503 fletur,
824 3438 975 3510 pungente
997 3429 1102 3493 dolore

371 3539 466 3602 Cordo
489 3540 713 3615 recordantem
736 3558 862 3619 namque
883 3539 958 3602 boec
979 3542 1183 3605 tantummodo
1205 3545 1298 3624 tangil

369 3649 445 3710 Cura
466 3647 557 3728 pios,)
579 3667 691 3728 oeque,
714 3648 767 3710 sed
789 3647 882 3712 molto'
904 3649 1021 3730 plenius
1049 3651 1121 3713 ortis

245 3795 249 3875 ἱ
369 3758 411 3820 nd
435 3775 570 3820 normam
592 3775 733 3838 expressa
755 3769 785 3820 et
806 3757 896 3820 variis
918 3758 1059 3822 distincta
1080 3761 1184 3841 figuris

246 3884 248 3949 ι
370 3866 433 3928 Vidi
456 3868 642 3940 obolariae,
666 3885 740 3948 quae
762 3875 893 3930 montem
915 3871 1059 3932 exstantia
1083 3871 1214 3950 cingeret.

245 3968 249 4028 l
318 3983 352 4034 ιο
368 3975 596 4056 conspiciebam
617 3975 716 4050 illum,
740 3994 828 4057 quem
849 3975 1003 4070 nobilitnte
1026 3987 1143 4044 creator

367 4087 492 4148 Fecerat
513 4085 669 4161 eximium,
691 4087 768 4150 coeli
790 4105 848 4149 uno
870 4107 904 4150 ex
927 4095 1011 4167 porte
1032 4097 1178 4163 ruentem,

367 4195 495 4272 Fulgore
518 4203 689 4276 correptum
710 4195 819 4272 rutilo;
840 4197 900 4259 udi
921 4197 1053 4260 Burnum

243 4203 317 4516 L
368 4305 408 4368 Ειι
431 4305 496 4378 olio,
520 4305 686 4368 exanimum
709 4303 850 4370 coelestis
872 4306 994 4370 vulnere
1016 4307 1078 4384 teli,

321 4509 331 4516 ..
358 4509 492 4518 -ffl
522 4507 546 4517 -Α-
565 4511 614 4518 -0-
628 4511 786 4520 αη-ιιιι-ιι-
802 4509 1428 4524 —ffl-ffl--
