3144 5164
322 379 384 442 352
512 345 515 352 ’
776 379 910 431 namursi
928 381 1006 430 rrrx.

389 602 472 674 Quae
494 600 569 662 nihil
590 599 765 662 abscondit:
789 617 882 679 qnare
903 598 1081 662 intercidere
1104 617 1206 662 earum

338 719 371 771 7⁰
386 711 473 774 Nulla
494 717 594 791 potest
614 709 730 772 uetitos
751 709 857 772 visum.
900 709 978 772 lliue
1000 707 1178 772 concludere
1200 718 1330 789 oportet,

386 821 454 884 Non
476 839 552 900 opus
576 837 643 882 esse
665 817 741 900 ipsis
763 837 843 882 nuno
864 819 929 893 has,
952 837 1031 884 nuno
1053 818 1187 882 dividere
1209 819 1277 882 illas

386 932 420 994 ln
441 939 542 1011 partes
564 929 705 1002 animum,
728 936 758 992 et
778 947 879 991 rerum
900 928 1074 992 meminisse
1097 929 1235 992 seorsim.

284 1053 289 1066 ·
388 1040 440 1102 Sio
460 1059 523 1113 vos,
545 1039 696 1114 mortales,
718 1039 874 1118 vigilantes
894 1037 1011 1101 somnia
1031 1057 1106 1102 vane

388 1149 530 1230 (luptatis,
552 1148 782 1223 muneratori,
805 1167 860 1210 seu
881 1148 982 1212 dicere
1004 1148 1088 1222 salsa,
1207 1159 1213 1170 '

338 1271 371 1325 75
388 1259 522 1334 Quorum
542 1279 634 1322 unum
656 1259 761 1340 eulpae
782 1259 850 1340 plus
873 1259 967 1332 affert,
989 1257 1117 1338 plusque
1138 1259 1274 1338 pudoris.

430 1370 496 1432 Nou
517 1369 602 1432 vobis
624 1388 695 1432 eura
717 1376 764 1430 est
783 1386 838 1448 per
860 1367 918 1430 iter
939 1367 1072 1430 delebier
1092 1386 1185 1430 unum

387 1480 581 1560 Philosophi3
602 1497 698 1559 usquo
719 1478 795 1540 adeo
817 1497 870 1540 ros
893 1485 991 1540 verset
1013 1476 1141 1556 imagine
1163 1477 1278 1558 primae

384 1591 505 1653 Frontis
528 1608 612 1652 amor
632 1587 832 1668 studiumque,
853 1588 912 1650 lori
934 1588 1015 1668 quod
1035 1589 1169 1667 poseium
1190 1605 1272 1650 eura.

385 1700 480 1780 ldque
501 1699 592 1760 etiem
613 1696 698 1760 coelo
719 1697 819 1759 minus
840 1697 1014 1776 indignante
1035 1699 1156 1772 leretur,

336 1820 371 1875 80
389 1809 484 1882 Quam
507 1825 574 1870 eum
594 1807 755 1887 negligitur
775 1807 945 1888 Scripturas
965 1807 1065 1870 littora
1086 1825 1199 1880 saeros,

386 1918 440 1980 Vel
461 1917 664 1999 detorquetur.
707 1917 802 1979 Nemo
824 1925 879 1990 est,
903 1917 954 1998 qui
977 1918 1145 1998 expendere
1166 1927 1273 1980 sumet.

386 2027 537 2108 Sanguine
558 2035 618 2090 stet
638 2036 748 2108 quanto
771 2028 802 2090 iu
823 2027 912 2090 terris
933 2027 992 2090 hoe
1013 2045 1155 2108 spu-gero
1176 2045 1288 2098 semen,

388 2138 543 2219 Quamque
564 2138 626 2200 lieo
648 2137 766 2218 placeat
786 2137 887 2217 posito
910 2137 1079 2218 quicunqne
1103 2145 1218 2199 tumore

387 2248 504 2311 Pronus
525 2249 557 2309 in
579 2247 758 2328 obsequium
778 2247 879 2310 divino
902 2247 1024 2310 eredere
1046 2249 1130 2310 tonte

336 2367 370 2422 85
385 2358 506 2420 Ardent.
549 2360 587 2419 Αῑ
607 2359 733 2440 quisque
753 2357 885 2436 iugenio,
906 2357 977 2420 dum
998 2357 1104 2420 doours
1126 2355 1231 2420 haben

387 2467 464 2542 Vult,
486 2467 646 2548 studioque
668 2469 749 2530 omui
771 2487 825 2530 suu
847 2467 918 2530 dum
939 2475 1109 2530 commenta
1129 2465 1288 2548 propinate

388 2575 555 2657 Oratorque
577 2597 663 2640 saeor
683 2576 803 2658 populis
824 2576 900 2640 haee
920 2576 1049 2638 vendere
1070 2585 1164 2652 curat,

386 2687 425 2749 Et
445 2687 535 2760 osuit,
558 2694 645 2769 utque
666 2686 818 2766 Evangelii
839 2687 975 2748 doctrina
996 2695 1122 2750 leuetur.

429 2795 486 2858 llio
508 2796 590 2869 dicit,
611 2797 736 2870 Lernam,
759 2796 878 2860 Christo
899 2798 1043 2878 potiente,
1062 2803 1228 2858 retrorsum

337 2915 372 2970 tu
386 2905 513 2984 Fugisso
535 2915 623 2988 atque
645 2907 751 2985 ingens
771 2906 990 2987 interposuisse
1011 2906 1159 2976 volumen.

388 3015 488 3090 Quare
509 3035 570 3078 nou
592 3015 667 3080 ultre
688 3015 814 3080 indulsit
834 3017 882 3078 sol
903 3017 1015 3080 luminu
1035 3015 1146 3092 torria3

386 3124 450 3200 llle,
473 3145 559 3188 suum
581 3125 679 3188 lucem
699 3145 755 3207 per
776 3146 811 3190 se
832 3127 947 3190 celasse
968 3125 1107 3198 nitorem,

386 3237 482 3316 Atque
505 3235 573 3298 ideo
596 3237 746 3317 llispanos
769 3237 920 3300 delectum
941 3235 1063 3298 luminis
1086 3234 1178 3308 illum,

386 3344 478 3408 ludos
497 3347 689 3427 ludaeosque
709 3345 799 3409 simul
820 3345 957 3408 turbasse
979 3343 1114 3408 eolonos.

338 3463 372 3516 to
387 3454 455 3518 Non
475 3464 520 3518 tot
540 3455 632 3520 hebet
651 3457 760 3537 Lepos,
783 3475 840 3519 nee
860 3463 905 3518 tot
925 3455 1076 3518 Florentia
1096 3454 1219 3520 niueos

388 3565 469 3638 Quot
491 3566 605 3630 similes
626 3566 717 3629 triers
738 3577 882 3628 resonent
902 3573 1043 3644 suggesta
1063 3582 1119 3644 per
1139 3581 1260 3626 annum.

383 3673 501 3736 Interea
522 3676 600 3738 redit
620 3697 637 3740 e
660 3688 749 3756 postu
770 3684 919 3738 saturatus
941 3675 1023 3738 inani

384 3784 463 3845 Aura
485 3801 555 3862 grex
575 3785 674 3848 ovium
695 3786 826 3864 ignarus,
849 3803 904 3848 nee
927 3783 1051 3848 erimina
1072 3794 1188 3865 purget.

386 3893 444 3968 Qui
467 3893 549 3968 dicit
571 3894 670 3958 labem
692 3915 725 3958 se
747 3914 808 3957 non
829 3894 942 3957 vidisse
964 3894 1123 3958 malorum.

319 4013 370 4067 ltt)
425 4003 493 4066 Non
515 4003 589 4066 dixit
610 4003 746 4066 Christus
767 4005 883 4085 primis,
906 4023 982 4084 quos
1004 4003 1128 4066 loedere
1148 4003 1261 4086 junxit:

384 4113 428 4177 lte
450 4121 479 4176 et
500 4133 556 4195 per
575 4121 669 4176 totum
690 4132 783 4193 nugas
806 4114 963 4178 diffundite
983 4122 1110 4185 terrame

384 4223 421 4286 lu
442 4223 526 4286 dedit
545 4223 593 4286 his
614 4243 703 4286 verer
723 4225 905 4300 tundamen3
928 4235 958 4287 et
979 4223 1053 4288 illud
1075 4223 1108 4287 io
1130 4241 1183 4286 ore

384 4332 480 4395 Unum
502 4334 567 4416 ejus
590 4335 699 4410 sonuit,
722 4335 840 4416 dequo
862 4333 921 4398 eibi
942 4345 1096 4416 eoumque.
1118 4343 1148 4396 et
1168 4334 1270 4396 hortm
