3224 5166
103 426 107 551 i
607 422 788 473 PURGATORH
805 424 842 473 tt.
1243 420 1248 430 ⁸

184 655 216 706 lu
232 640 387 720 Quomque
409 647 497 701 tuem
518 639 613 702 ooniis
635 648 722 720 atque
744 641 875 721 undiquc
897 642 1158 722 circumspectans,

231 750 381 829 Multaque
402 749 618 828 promittansa
638 749 756 810 cunetis
777 749 853 812 iiber
873 751 999 815 auitam.

273 859 521 928 uicturum,
542 858 595 937 qui
609 857 673 919 sub
696 858 757 921 iera
776 859 897 922 brachia
918 856 1007 922 Gustu

233 969 274 1030 lie
296 967 395 1029 Tseeo
419 967 572 1040 occubuit,
594 967 669 1040 vidi,
692 967 804 1046 quique
825 969 935 1048 impete
956 986 1049 1031 coeco

233 1077 342 1140 Hostes
365 1076 435 1138 dum
456 1076 640 1154 insequitur,
663 1076 834 1156 subjectum
852 1077 955 1156 lapsus
977 1079 1006 1139 in
1029 1097 1144 1142 amnem

186 1201 216 1253 ιιι
233 1186 397 1248 interclusa
418 1187 514 1248 anima
535 1185 632 1264 periit.
676 1185 732 1247 iiic
753 1201 820 1250 cum
842 1205 931 1266 praec
952 1187 1059 1248 hianda

233 1295 378 1357 Attollens
399 1296 513 1374 palmas
533 1295 693 1356 Faromeus
716 1304 857 1374 utrasque
878 1296 1046 1366 Novantur.

234 1405 295 1466 Nee
317 1423 378 1466 non
395 1404 525 1465 *Pisanos
548 1411 687 1476 testatus,
710 1413 831 1482 paetore
854 1405 922 1467 sorti

233 1513 413 1576 itumueaou
435 1512 597 1576 eminuisse
619 1512 747 1584 bonum,
769 1513 920 1590 tardabam
942 1523 972 1576 et
993 1514 1064 1578 Usus

232 1622 298 1684 vidi
320 1621 447 1684 animam
469 1621 604 1695 comitia;
626 1622 836 1702 disjunctaque
858 1641 985 1702 corpora
1006 1623 1045 1686 ob
1067 1625 1140 1686 iram

182 1744 217 1796 uu
233 1732 338 1812 Atque
350 1749 451 1794 acrem
472 1731 626 1804 invidiam,
649 1731 726 1794 simu
746 1732 877 1804 dicebat,
900 1741 930 1794 at
950 1732 1009 1796 ulia

233 1841 353 1920 Absque
376 1860 429 1904 sua
451 1840 553 1920 otdpa,
575 1840 664 1904 uobis
686 1841 782 1902 anima
803 1841 894 1904 altera
914 1842 995 1904 vonit

234 1949 336 2013 Obvia.
371 1949 442 2028 *Ego
463 1949 586 2012 Psrsuu
606 1951 800 2012 Bnaccsnsart
823 1951 903 2012 hunc
924 1969 993 2014 esso
1014 1951 1153 2014 monebo.

233 2064 328 2139 Atque
351 2059 401 2120 hie
421 2067 610 2139 praecaveat,
632 2069 773 2139 superest
794 2060 863 2122 dum
885 2060 957 2130 rito,
979 2060 1133 2123 unsrun

234 2169 361 2247 Regina,
384 2188 419 2230 ac
439 2168 554 2239 videat,
577 2185 615 2230 nc
636 2169 722 2248 pejor
743 2187 776 2230 ae
798 2177 916 2230 maneat
936 2185 1015 2245 grex.
1347 2215 1350 2242 ,

181 2286 215 2338 uu
276 2278 363 2340 Omni
385 2295 433 2340 me
454 2285 614 2358 postquam
635 2277 757 2340 dissolvi
780 2277 912 2340 exercitu
932 2297 1034 2340 earum
1346 2249 1351 2458 ί

109 2418 112 2460 ι
233 2386 407 2450 Umbrarum
430 2394 582 2460 orantum,
604 2395 638 2448 ut
657 2387 791 2466 requiem
813 2387 870 2450 sibi
891 2386 1027 2466 supplice
1049 2405 1121 2450 voce

236 2497 363 2558 Orarent
383 2496 454 2568 atii,
476 2496 515 2558 oh
538 2513 626 2576 quam
649 2498 758 2558 sanetis
780 2516 847 2558 esse
869 2497 971 2558 liceret

236 2606 345 2674 Ocius,
368 2606 417 2666 hio
439 2605 539 2684 coepi:
564 2605 588 2666 0
611 2623 677 2668 mea
698 2605 762 2678 lux,
786 2607 925 2668 docuisse
945 2607 1062 2668 videtur

236 2715 364 2777 Omnino
387 2723 436 2776 tua
457 2715 540 2776 Musa
561 2715 628 2776 ioco
650 2733 711 2778 nou
732 2733 823 2794 posse
845 2716 995 2794 precando
1094 2753 1100 2760 ·

184 2833 218 2886 uu
235 2826 305 2888 Fata
327 2825 380 2886 dei
401 2825 498 2898 deoti;
520 2832 617 2886 umen
639 2825 669 2886 id
692 2825 843 2902 geusistu
864 2825 998 2902 rogabat.

236 2933 356 2996 Frustra
380 2952 450 3011 orgo
472 2934 504 2995 hi
525 2929 669 3012 sperant?
690 2934 735 2996 An
758 2952 818 2996 nou
837 2932 917 2995 berre
939 2933 1049 3014 scripta
1071 2943 1227 3013 patescunt
1488 2939 1491 2946 '

235 3044 273 3104 idi
296 3040 368 3106 toa?
389 3075 431 3088 -·-
453 3045 489 3104 nt
510 3044 537 3104 is
561 3051 678 3104 contro:
700 3043 733 3104 Si
756 3042 995 3122 contemplabere
1016 3061 1089 3104 sana

236 3152 307 3214 Rem
330 3153 448 3232 penitus
469 3161 584 3224 mente,
607 3159 653 3213 est
675 3152 771 3214 facilis
792 3151 957 3230 plenusque
980 3171 1112 3213 meorum

237 3261 422 3341 Scriptorum
444 3279 568 3331 sensus,
590 3279 688 3341 neque
710 3279 762 3322 eos
785 3279 856 3338 spes
878 3259 953 3320 iudit
974 3261 1081 3323 inanis.

110 3428 113 3454 ,
184 3381 218 3434 35
235 3371 367 3451 Namque
388 3371 468 3434 haud
491 3369 645 3434 descendit
666 3369 807 3451 majestas
828 3387 943 3432 summa
965 3371 1086 3448 superni
1174 3391 1175 3394 ¹
1232 3348 1236 3361 ⁸

234 3481 359 3554 ludicii,
382 3480 452 3543 dum
474 3480 564 3543 corda
586 3499 679 3542 urens
699 3480 744 3542 vis
765 3479 851 3556 iquea
871 3479 983 3540 amoris

236 3589 300 3650 Uno
322 3589 382 3651 ictu
404 3589 551 3660 absolvat,
574 3588 653 3668 quod
673 3589 778 3668 jussus
800 3587 915 3650 solvere
938 3587 1034 3656 debet.

237 3697 413 3778 Quicunque
429 3699 484 3768 ‚hic
506 3697 642 3762 ambulat
686 3697 745 3760 Sed
767 3706 799 3759 ut
821 3705 868 3760 est
888 3697 1048 3766 sententia,
1071 3689 1157 3760 ucm'o

236 3806 319 3869 Vitas
341 3807 517 3871 emendabat
537 3808 644 3871 veteris
666 3807 820 3870 malefacta
842 3806 1009 3885 precanum
1343 3757 1347 3863 i

111 3970 114 4023 ἰ
185 3927 220 3979 tu
236 3889 370 3996 Namque
392 3917 453 3980 lieo
475 3918 654 3980 immensum
675 3916 847 3998 seiunxerat
867 3915 1050 3978 intervalium

239 4025 388 4088 Orantem.
430 4028 560 4090 novero
583 4026 673 4088 tantis
695 4025 823 4088 obducta
844 4023 975 4086 tenebris

110 4031 114 4275 1
236 4133 317 4196 Dicta
339 4152 445 4205 arcam
466 4136 538 4198 mihi
560 4155 599 4198 ne
621 4133 746 4197 obtima
768 4143 846 4196 certa
868 4143 981 4212 putero,

109 4282 114 4467 Ι
235 4243 272 4304 Ni
293 4245 377 4322 prius
400 4246 429 4309 id
449 4246 572 4315 doceat.
597 4263 673 4324 quaa
693 4245 745 4307 iux
765 4244 855 4306 micat
876 4244 954 4305 inter
975 4251 1128 4321 utramque
1345 4234 1348 4315 !

235 4352 304 4414 Veri
326 4353 475 4433 animique
497 4355 591 4417 facem
613 4353 721 4414 nostri.
763 4356 858 4432 Atque
881 4352 929 4414 hio
952 4353 1072 4420 nescio,
1094 4369 1131 4412 an
1153 4351 1231 4412 istud
1345 4331 1348 4458 ᾗ

1345 4469 1347 4501 ι

109 4548 886 4572 --···---·-—-—-·-·—·——-—-p—-·-··—-··--‘·····-·
895 4547 1166 4555 ·--·-···—-—--
1171 4505 1347 4568 ΜΛ
