3116 5162
577 395 749 468 ementito.
1190 435 1287 480 mv„

61 605 256 702 peditiusque
288 624 364 674 esse
390 599 554 672 deducere
587 599 622 672 in
648 599 772 672 Orcum
799 609 833 672 et
857 622 1032 672 recensere
1057 599 1209 674 Tantalos
1235 602 1286 674 Si·

62 721 245 818 spphosque,
264 743 363 817 quam
390 716 556 790 delineare
581 717 654 788 loca
680 716 808 790 inferna
834 718 925 790 coelo
942 716 1203 792 Christianorum
1230 744 1287 818 op-

62 841 167 936 posita,
186 849 218 910 et
242 859 438 910 enumerare
465 838 631 908 cruciatus
656 845 1034 932 tormentaqueeorum,
1058 835 1117 934 pri
1141 835 1184 908 oh
1202 836 1287 912 ritae

63 979 243 1053 morumque
270 955 518 1051 perversitatem
544 963 650 1026 morte
676 961 809 1026 aeterna
835 952 979 1026 damnati
994 953 1178 1028 hahenturt
1204 955 1287 1040 Quis

63 1099 121 1147 non
143 1075 261 1147 manill
286 1071 516 1146 cumGraecis
541 1071 592 1144 nel
611 1071 738 1144 Latinis
764 1070 952 1144 describere
966 1071 1081 1144 lovem
1105 1083 1285 1168 tonantem,

64 1217 148 1290 quum
171 1191 359 1287 siguificare
384 1201 454 1264 arte
485 1213 545 1262 sua
571 1187 701 1263 Numen
734 1188 815 1263 illud
840 1187 969 1261 Veteris
995 1188 1142 1288 Novique
1172 1191 1285 1265 Testu-

64 1312 152 1384 menti
183 1309 359 1404 ἄῤῥητον,
394 1303 538 1394 ἀΐδιον,
571 1331 675 1384 unum
712 1317 745 1380 ct
777 1305 921 1380 trinuml
959 1306 1082 1382 Contra
1113 1309 1187 1406 quis
1217 1334 1285 1384 non

65 1429 247 1502 ludibundus
282 1451 324 1501 ex
358 1425 503 1499 tenebris
537 1425 709 1524 protrahet
731 1425 840 1498 Ditem
873 1425 966 1499 etin
999 1425 1072 1498 luce
1108 1427 1287 1502 constituet

66 1547 241 1638 Cerberum,
280 1569 355 1618 cum
391 1543 537 1636 dubitet,
575 1545 656 1642 quin
689 1544 769 1616 satis
796 1553 886 1616 recte
911 1543 1085 1618 adumbret
1116 1546 1283 1640 Satanam,

67 1667 290 1738 criminatorem
316 1663 407 1738 illum
433 1662 634 1736 inridentem
660 1662 814 1759 operibus
828 1662 903 1754 Ilei,
930 1673 963 1734 ct
987 1661 1069 1742 sutis
1093 1663 1176 1736 scite
1198 1664 1285 1738 dicat

67 1785 220 1878 spirituum
246 1782 408 1856 malorum
433 1780 558 1854 formas
585 1790 619 1853 et
643 1781 799 1878 ingenial
851 1780 981 1865 Quanto
1007 1781 1117 1853 minor
1132 1781 1283 1877 hahetur,

67 1915 97 1972 ut
115 1902 171 1974 hoc
194 1902 365 1992 addemus,
383 1899 445 1972 riri
472 1899 559 1972 docti
586 1899 753 1972 contentio
769 1899 940 1994 relegendi
958 1899 1178 1995 mythologice
1195 1925 1283 1974 com-

67 2033 159 2092 menta
191 2031 227 2094 ct
268 2018 452 2115 exponendi
485 2017 526 2090 de
563 2017 773 2110 Stoicorum,
807 2016 1046 2114 Epicureorum
1079 2017 1282 2116 caeterisque

68 2137 168 2210 scholis
191 2135 451 2234 philosophicis,
483 2159 583 2233 quam
615 2135 828 2233 expromendi
865 2134 1050 2229 theologiae
1076 2135 1281 2210 Christianae

70 2255 197 2351 dogmata
229 2267 265 2328 et
297 2255 435 2328 eruendi
468 2277 509 2326 ex
533 2253 747 2326 interioribus
772 2251 907 2325 latebris
932 2251 1184 2350 recessibusque
1208 2256 1281 2352 phi·

68 2373 244 2471 losophiam,
268 2397 366 2471 quam
390 2381 519 2464 vocant,
538 2371 797 2445 Scholastioamt
824 2368 911 2454 Quid
937 2371 1060 2444 mrdtul
1086 2371 1174 2444 aliud
1189 2373 1281 2446 deui-

70 2515 118 2587 que
141 2503 188 2566 est
209 2493 293 2588 stylo
320 2491 468 2564 Romano
503 2513 637 2564 exarare
654 2491 814 2562 indolem
840 2488 963 2562 saeculi
989 2487 1172 2586 cujuspiam
1205 2503 1280 2565 ante

69 2609 209 2684 Christum
222 2621 337 2684 natum
353 2609 489 2706 peracti,
515 2631 615 2706 quam
635 2618 776 2681 mactare
802 2607 984 2700 materiam,
1011 2599 1131 2703 magno
1156 2619 1280 2708 tempo·

69 2729 104 2802 tis
124 2731 281 2804 intervallo
300 2729 342 2802 ab
356 2751 456 2804 auree
468 2727 656 2804 Latinitatis
672 2737 777 2800 aetate
791 2736 963 2818 remotam,
984 2737 1083 2824 atque
1098 2751 1172 2800 earn
1187 2729 1279 2802 venis

70 2846 259 2946 medullisque
280 2845 419 2920 civitatis
442 2845 647 2918 Christianae
672 2845 888 2942 desumptam.
925 2843 1091 2928 Quantum
1116 2845 1151 2919 in
1166 2847 1278 2942 rehus,

70 2973 171 3038 uotum
202 2969 237 3038 in
273 2987 390 3040 rerum¹
417 2963 533 3036 lormis
559 2974 668 3036 mente
696 2962 862 3061 conceptis
896 2961 965 3034 sive
997 2961 1032 3034 iu
1072 2963 1156 3037 ideis
1192 2966 1280 3039 inest

71 3081 260 3176 discriminis,
293 3092 391 3178 atque
416 3105 578 3154 summam
604 3083 638 3155 in
664 3081 813 3178 utrisque
838 3080 1052 3154 mutationem
1077 3091 1112 3154 et
1144 3107 1278 3162 conver·

70 3199 173 3274 donam
196 3199 382 3276 necessario
403 3199 549 3296 linguam
575 3201 783 3298 aliquantum·
797 3197 908 3298 ¹sequi,
934 3222 1001 3272 non
1026 3201 1186 3298 estquod
1207 3203 1277 3300 plu-

71 3317 141 3391 ribus
166 3319 380 3393 demonstrari
407 3317 614 3416 oporteret).
746 3405 748 3412 y

148 3437 233 3523 Quae
260 3462 335 3514 curn
361 3439 406 3510 itu
441 3437 519 3530 sint,
553 3436 653 3510 alium
686 3435 746 3510 viri
780 3435 868 3508 docti
896 3436 1144 3533 deprehendent
1168 3437 1275 3534 Virgi-

70 3577 160 3590 ἡ..

118 3657 221 3723 'lCujus
238 3659 333 3724 quidem
351 3659 386 3709 rai
403 3665 488 3708 testem
505 3673 532 3709 sc
551 3657 619 3707 uobis
637 3657 724 3708 offerre
736 3656 828 3706 ridetur
845 3655 896 3720 ipse
909 3655 1034 3718 ssantes,
1053 3657 1093 3722 qui
1104 3659 1273 3730 interpretante

71 3735 156 3791 liam
172 3743 262 3804 (Parad
278 3741 355 3806 ml,
374 3743 422 3794 119
439 3742 517 3808 seqq.)
534 3742 649 3793 ldemum
667 3739 795 3791 introducit
812 3741 843 3790 itu
861 3737 1009 3805 loquentem:

240 3869 273 3882 —
290 3867 324 3882 -
339 3869 374 3881 ·-
389 3843 478 3895 Natura
495 3843 536 3895 dat
552 3844 604 3908 ipsa
622 3841 752 3908 loquelam,

240 3931 305 3989 Quae
322 3929 354 3979 sit
370 3944 472 3994 cunque,
490 3927 595 3990 humiui;
612 3928 696 3978 restris
713 3941 755 3976 roe
772 3925 861 3976 viribus
878 3927 911 3976 uti

240 4013 285 4064 Pru
303 4012 379 4063 lubitu
396 4014 462 4063 uiuit.
493 4013 553 4062 Ante
571 4011 633 4062 Oreo
652 4025 722 4075 quam
740 4011 853 4060 illaberer
870 4017 931 4071 utro,

240 4099 267 4148 n
284 4097 345 4148 iuter
361 4105 453 4148 vestrm
470 4111 559 4147 nomeu
575 4093 622 4146 sibi
638 4109 747 4146 summas
764 4095 868 4146 habehat

242 4182 308 4231 Tunc
322 4181 404 4244 Amor,
422 4181 485 4231 unde
502 4181 586 4242 tluuut,
604 4195 665 4245 quae
683 4195 721 4230 me
738 4181 809 4230 isthic
826 4179 911 4244 gaudia
930 4180 1032 4242 cingunt

241 4264 330 4314 lleinde
346 4266 384 4315 nu
401 4273 438 4316 est
454 4266 540 4326 dictus,
558 4265 622 4330 quod
639 4271 742 4315 restrum
761 4264 823 4314 haud
840 4263 941 4314 dedecet
957 4278 1035 4322 usum,

243 4347 395 4400 consimilem
413 4349 436 4400 in
454 4365 521 4401 ramo
538 4349 633 4400 lrondi:
652 4349 708 4399 duru
726 4349 793 4414 lapsu
810 4349 934 4413 putrescit,

242 4430 319 4484 lltera
335 4433 449 4486 succedit
