3224 5166
478 335 554 344 οι...-
558 335 880 346 -σ--υ--ι--ιι--ι
886 335 1505 365 -ῄ-ι--ω--ι--ι-σ--ᾞἻ

326 389 383 453 loti
772 392 951 443 runosroou
970 393 1006 442 v1.

387 609 486 690 Usque
509 618 587 670 ortes
609 610 708 690 poscit
728 609 848 671 solertis
870 597 1008 670 acumine
1030 611 1151 682 mentis,

387 719 425 780 Et
446 719 557 781 luorum
580 727 750 780 otrentum
773 718 904 794 ingenite
925 718 1032 779 virtute
1054 729 1178 797 repente

387 829 486 890 Movit.
509 860 551 892 -.·-
572 827 627 888 Ulvi
650 837 696 890 est
717 828 862 890 exstincto
884 827 966 898 dies,
990 827 1116 904 caligine
1137 827 1244 890 vellem

195 961 202 972 ·
322 938 411 998 titud
432 937 519 998 Proto
541 937 647 1015 liegno
669 937 700 998 in
723 936 988 998 coelum.sublimc
1010 936 1151 998 minentis

386 1047 494 1107 Montis
517 1046 553 1106 ed
577 1065 672 1124 usque
691 1045 796 1125 jugum
817 1046 896 1108 terit.
941 1045 1015 1107 Dein
1036 1046 1168 1125 desuper
1189 1049 1322 1110 selmum

387 1155 564 1225 Admonuit,
589 1155 746 1234 loetusque
767 1155 800 1215 in
822 1172 929 1235 equom
951 1155 1123 1217 dissolvitur
1144 1162 1205 1216 oen.

369 1260 371 1268 '
429 1263 627 1341 Praecipitant
647 1263 775 1336 imbres,
799 1272 828 1325 et
850 1283 925 1343 quos
943 1264 1004 1344 jem
1026 1273 1105 1326 terre
1127 1265 1270 1347 nequibat

387 1373 546 1452 Accipere,
568 1373 598 1434 in
622 1374 721 1454 iosses
744 1373 810 1435 ttdit
830 1374 972 1453 impetus,
995 1381 1087 1453 utque
1109 1375 1228 1438 liuentis

322 1492 371 1544 125
388 1481 452 1542 llos
475 1480 553 1544 solet
573 1499 642 1542 esse
664 1481 789 1561 amplis,
809 1482 906 1545 undae
928 1490 1042 1545 trexere
1064 1483 1180 1546 minem

388 1591 462 1652 'l'sm
483 1590 587 1669 ropide
609 1590 640 1652 io
661 1592 772 1653 ilumen
795 1593 908 1669 regale,
932 1600 965 1654 ut
986 1592 1066 1654 nulls
1086 1592 1198 1682 voleret

388 1699 438 1760 Vis
460 1699 620 1778 prohibere
633 1699 761 1765 malum.
801 1701 868 1764 ‘lieo
890 1701 1000 1778 irigore
1022 1701 1154 1764 membre
1175 1701 1272 1766 solute

387 1808 525 1870 indomiti
546 1808 684 1871 llrcltisni
705 1810 789 1872 luror
808 1810 904 1873 aufert
925 1810 1080 1888 improbos
1101 1810 1193 1890 inque

387 1919 499 1980 mount
520 1917 664 1998 conjecit,
687 1918 833 1997 solvitque
855 1938 872 1981 s
893 1927 1014 1998 pectore
1036 1937 1150 1992 nomm,

324 2043 372 2096 leo
389 2028 485 2101 Quem
505 2028 610 2098 iecere,
626 2044 746 2088 crucem
766 2027 841 2090 milri
862 2027 997 2102 hermu,
1022 2047 1090 2090 cum
1110 2028 1196 2092 dolor
1217 2031 1324 2107 ingens

388 2137 434 2198 lie
455 2136 525 2198 vicit
545 2135 704 2206 domitum,
726 2145 756 2198 et
776 2155 830 2216 per
851 2137 931 2216 ripes
954 2136 1043 2200 volvit
1064 2147 1095 2200 et
1115 2139 1208 2202 imum

388 2246 447 2308 Per
468 2245 607 2320 iuodum;
629 2244 736 2307 deinde
758 2245 823 2324 ipse
845 2265 899 2308 sus
921 2246 1050 2308 cinctum
1072 2256 1161 2328 etque
1182 2251 1346 2314 redomum

388 2354 522 2416 Advolvit
542 2354 661 2434 proedo.
705 2354 730 2416 Ο
752 2354 862 2433 pantes
885 2372 954 2416 com
974 2373 1080 2420 missus
1102 2358 1184 2420 odire

388 2463 444 2526 Fas
466 2463 520 2525 tibi
542 2464 731 2536 mittemus,
753 2463 930 2543 dabimsque
952 2464 1108 2544 quiescere
1128 2467 1218 2546 longo

323 2576 412 2640 leod
434 2591 523 2634 cursu
545 2580 632 2652 etque
654 2571 756 2634 lebore
777 2573 841 2636 viee
863 2559 920 2648 (sic
941 2573 999 2637 lete
1021 2576 1183 2640 secundent

389 2682 488 2744 Tertio
509 2689 581 2760 post
601 2681 729 2743 animem
750 2687 826 2766 est),
848 2682 927 2745 houd
950 2683 1130 2746 obliviscere
1148 2686 1262 2749 nostrii

263 2809 265 2819 ’
389 2791 462 2853 Sum
483 2790 552 2862 Pro,
575 2791 746 2866 meqeouit
767 2791 845 2854 Seno
867 2793 1055 2873 confecitque
1076 2793 1245 2869 lloremme,

389 2899 511 2978 Scitquo
531 2899 605 2962 hoec
625 2898 690 2971 ille,
713 2900 797 2979 prius
818 2901 890 2964 mihi
911 2903 963 2983 qni
985 2903 1109 2966 donemt
1129 2903 1240 2967 hebere

388 3007 560 3080 lunellum,
581 3008 754 3088 sociumque
775 3010 833 3072 tori
854 3027 1036 3092 uxoremque
1056 3023 1185 3076 vocaret

774 3373 775 3376 Ὺ
890 3269 946 3354 u.

430 3444 547 3507 Ludere
569 3443 620 3506 ubi
642 3445 709 3508 tolie
730 3454 880 3510 cessatum
900 3457 961 3520 est,
984 3449 1076 3512 corde
1096 3450 1220 3514 dolenti.

388 3555 453 3618 Stet
473 3554 567 3616 rictus
589 3555 756 3633 repetitque
775 3557 871 3630 vices,
894 3576 929 3621 ec
950 3557 1078 3639 denique
1100 3561 1197 3624 tristis

388 3663 492 3724 llisoit.
537 3662 684 3726 Victorem
705 3665 840 3744 sequitur
861 3684 935 3744 geos
957 3676 1033 3743 mis,
1055 3670 1210 3750 preeitqoe

389 3771 487 3842 Unus,
509 3789 637 3850 eumque
659 3773 733 3836 alter
753 3775 874 3853 prendit
892 3785 964 3855 post
983 3786 1111 3857 torques
1123 3781 1147 3841 it
1167 3779 1241 3842 ulter

357 3880 434 3944 illd
454 3879 533 3942 leues
553 3888 641 3961 etque
659 3882 746 3964 jubet
766 3885 948 3948 meminisse
991 3886 1076 3950 lieud
1098 3889 1149 3951 ille
1170 3889 1294 3953 rsnrittit

391 3989 450 4062 ire,
473 3998 601 4052 etnunc
623 3993 798 4066 accesisti,
820 4013 900 4058 nunc
921 3997 1057 4060 admovet
1077 3997 1130 4070 illi,

390 4099 502 4178 Cuique
524 4117 643 4162 menum
665 4103 776 4180 porgit,
799 4121 887 4166 mens
906 4105 1074 4185 importune
1096 4107 1209 4171 recedit

389 4209 520 4270 insonui
541 4208 683 4284 tdterius3
705 4221 836 4274 removet
857 4214 902 4276 sic
923 4213 989 4294 ipse
1011 4225 1187 4297 sequentem

390 4316 528 4380 Turbam.
572 4317 748 4389 Non-secus
769 4323 829 4384 hoo
848 4323 988 4391 versabor
1008 4324 1042 4386 in
1061 4325 1291 4406 agninorum,
