3136 5164
1457 311 1555 372 *i

1215 463 1452 484 ’.ν-ι--υ--ῃ-
1468 396 1473 595 1

293 374 357 438 243
723 371 1000 424 euneirouuxun

363 594 515 666 Quantum
535 590 721 670 profundunt
739 607 776 652 ex
798 587 916 670 duplice
937 577 1020 670 parte
1042 589 1189 654 reclusae.

360 701 405 764 Er
426 719 486 764 una
506 700 636 780 erumpit
656 698 764 762 fluvius
785 699 892 760 virtute
911 698 1054 779 repletus,

363 809 421 883 Qui
443 809 520 872 male
542 809 687 872 sactorum
709 817 886 873 cunctorum
905 807 1013 872 oblivia
1036 810 1164 890 spargit3

296 935 345 988 lan
361 919 406 982 Ex
427 920 494 992 alia,
516 918 567 998 qui
590 901 640 982 dai
660 937 800 982 revocare
823 927 853 980 et
873 937 996 980 cernere
1017 927 1117 982 mente

363 1029 471 1092 Onmia
493 1029 569 1091 iacta
590 1028 641 1108 pie
662 1036 694 1090 et
714 1037 805 1091 caste.
850 1027 909 1102 Qui
929 1028 1010 1100 hine,
1032 1029 1154 1091 nomine
1175 1029 1287 1092 Lethes

363 1140 491 1214 Dicitur3
514 1139 646 1210 Eunnes,
669 1138 720 1217 qui
742 1137 839 1200 illinc:
862 1145 1027 1216 neuterque
1047 1155 1133 1200 suam
1154 1139 1213 1202 rim

362 1249 498 1321 Exercet
520 1247 579 1310 nisi
601 1247 627 1308 si
650 1257 717 1308 ante
740 1246 849 1326 anquis
870 1247 1007 1325 degustet
1027 1254 1195 1328 utrimque

363 1360 401 1421 Et
422 1377 512 1439 sapor
535 1357 622 1418 istius
644 1365 765 1436 superat
786 1373 879 1435 penus
901 1374 990 1420 omne
1011 1375 1171 1437 saporum,

299 1482 347 1536 125
363 1468 401 1531 Et
423 1467 556 1549 quamvis
577 1474 705 1528 saturata
727 1466 801 1528 satis
822 1475 871 1528 tua
894 1465 1001 1529 cedere
1023 1467 1119 1547 possit

363 1581 428 1642 iam
451 1577 525 1649 sitis,
547 1575 627 1638 haud
648 1576 724 1638 ultra
745 1593 794 1637 me
816 1575 856 1638 nii
879 1584 1031 1653 retegente
1052 1577 1190 1650 recentis,

365 1688 399 1750 ld
421 1685 474 1748 tibi
496 1685 653 1765 praestabo
675 1685 777 1764 gratis,
801 1685 881 1765 quod
904 1702 1055 1766 consequa
1075 1705 1177 1750 renum

365 1797 405 1860 ni
428 1796 535 1858 suadet
556 1795 650 1862 ratio:
672 1793 725 1857 tibi
747 1813 804 1856 nec
826 1795 890 1858 iore
912 1795 992 1860 dicia
1011 1796 1132 1876 putabis

365 1908 432 1970 dam
453 1923 520 1968 mea
542 1922 610 1966 cara
632 1905 740 1978 minus,
763 1905 790 1966 si
812 1905 888 1968 haec
909 1906 1111 1986 exspatientur
1129 1915 1234 1987 aperte

303 2035 350 2090 1³⁰
366 2017 449 2081 Ultra
470 2015 662 2095 promissum.
704 2014 838 2088 Veteres,
860 2015 911 2094 qui
931 2015 1050 2078 saectdn
1072 2025 1154 2078 setes

366 2129 463 2190 Aurea
486 2131 651 2196 cantarunt,
673 2125 842 2204 rictumque
864 2133 1035 2206 statumque
1056 2125 1176 2188 besurm

366 2237 455 2298 Forte
476 2234 508 2296 in
529 2235 687 2308 Parnasso,
710 2242 781 2296 sunt
802 2236 918 2298 somnia
939 2253 1014 2297 rana
1035 2235 1142 2298 secuti.

366 2345 501 2408 Humana
521 2343 572 2404 hic
592 2343 676 2406 radix
697 2362 817 2424 semper
837 2344 893 2410 fuit
912 2345 1036 2423 integro,
1059 2361 1179 2425 semper

369 2456 426 2518 iiic
446 2473 507 2527 ver,
530 2453 580 2516 hic
601 2454 697 2533 quivis
720 2454 843 2527 fructas,
866 2471 1002 2533 quaeque
1023 2454 1067 2517 ire
1088 2455 1200 2516 fluenta

303 2563 504 2628 lthectaris
526 2571 556 2624 et
577 2564 667 2626 vestri
689 2563 801 2628 dicunt.
844 2563 929 2626 Tunc
950 2564 1017 2644 ipse
1038 2573 1145 2644 poetas

325 2711 328 2724 ·
371 2673 500 2754 Respexi
522 2673 657 2748 comites,
680 2681 711 2736 et
729 2674 807 2737 laeto
830 2691 891 2736 non
912 2673 978 2736 sine
998 2674 1064 2736 risu

372 2783 536 2866 Accepisse
556 2781 626 2844 ilios
649 2784 774 2862 cognovi
795 2783 870 2846 haec
891 2784 992 2848 uitium
1015 2783 1103 2846 dicta

373 2894 488 2957 Deinde
510 2891 607 2954 oculis
626 2892 704 2955 redii
725 2892 763 2954 ad
784 2901 985 2972 praestantem
1007 2913 1135 2974 corpore
1159 2894 1268 2956 Divum.

248 2833 253 2986 ¹

849 3153 963 3237 xxix.

376 3338 414 3398 At
435 3351 541 3396 canere
562 3331 713 3407 insistens,
736 3351 792 3395 cen
812 3333 925 3414 percita
946 3351 1046 3396 amore
1069 3333 1177 3413 praelio,

376 3443 484 3524 Hymni
506 3441 562 3504 snb
583 3443 674 3504 finem
695 3459 837 3504 numeros
856 3441 1018 3508 madidata:
1042 3443 1135 3515 Booti,

377 3552 521 3627 Addebat,
544 3571 673 3634 puerum
693 3562 766 3614 sunt
787 3557 866 3616 citae
887 3557 1014 3616 omnnio
1035 3563 1122 3616 tecto.

378 3666 421 3726 Ac
442 3662 532 3724 veluti
553 3661 708 3741 nymphae,
731 3681 807 3742 quae
828 3663 909 3726 seiae
929 3662 1070 3724 umbrosa
1091 3671 1234 3739 vagantur

345 3775 438 3836 dPer
458 3789 591 3844 nemora,
612 3771 670 3834 hae
690 3773 816 3851 cupidae
837 3773 932 3834 soiem
952 3772 1054 3843 vitare,
1076 3774 1151 3834 tueri

379 3883 467 3958 lilae3
489 3890 561 3943 tunc
581 3899 698 3944 amnem
719 3889 822 3946 contra
842 3881 967 3959 vestigia
988 3882 1082 3944 movit

381 3999 441 4062 Por
461 3995 567 4072 ripam.
609 3991 752 4054 Brevibus
772 3991 958 4069 gradientem
979 4009 1035 4070 epo
1056 3991 1196 4072 passibus
1218 4009 1314 4071 aeque

382 4107 525 4172 Passibus
547 4104 623 4166 hanc
644 4101 783 4165 brevibus
804 4101 929 4182 propius
949 4101 1103 4175 seciahsr3
1126 4110 1157 4164 et
1176 4102 1254 4163 iuter

383 4220 480 4302 ipsius
502 4225 592 4295 atque
613 4231 697 4274 meos
720 4211 837 4274 centeni
858 4212 905 4274 vix
925 4210 1002 4274 bene
1024 4229 1133 4292 passus

335 4341 366 4393 lu
382 4332 558 4400 intererant,
580 4343 646 4388 cum
669 4324 714 4386 sic
735 4341 805 4384 sese
824 4322 889 4401 ripa
908 4329 1033 4402 utraque
1054 4321 1150 4395 tersit,
