3142 5166
568 421 748 476 tunderetur
766 425 811 476 XV.

187 639 231 704 m
254 649 369 721 partem
390 641 557 720 oppositam
579 639 724 716 saliendo,
745 642 879 724 pervolet
899 643 967 724 ipso

187 750 311 830 lmpete,
335 769 395 831 quo
417 751 545 830 primum
567 751 772 824 descenderat,
795 763 884 833 atque
905 755 1019 817 recedit

186 862 211 922 Δ
233 860 296 922 saxi
318 859 405 940 lapsu
425 861 518 922 multo
539 860 682 934 velocius,
708 880 845 940 aequum,

139 977 171 1030 tt
187 971 220 1033 Si
242 988 392 1042 numeres,
415 970 552 1050 spatium,
576 970 655 1050 quod
678 977 708 1033 et
729 971 911 1051 experientia
933 980 964 1034 et
984 973 1056 1034 artis

186 1080 328 1143 Doctrina
351 1079 497 1154 ostendit;
519 1079 564 1140 sic
585 1097 656 1160 pme
672 1059 726 1140 ¹me
748 1079 823 1141 luce
836 1079 959 1142 videbar

186 1191 269 1253 letus
289 1190 426 1252 retracta.
471 1188 571 1263 Quare
592 1207 658 1250 mea
680 1187 791 1252 lumina
813 1197 971 1270 promptae

187 1301 372 1364 consuluere
394 1301 491 1375 fugae.
536 1299 613 1372 Quid
637 1299 666 1360 id
690 1305 744 1372 est,
766 1307 852 1379 pater
872 1299 993 1378 optime,
1016 1299 1084 1373 dixi,

188 1409 276 1483 Quod
298 1407 459 1488 prohibere
480 1407 576 1470 oculis
598 1427 659 1470 non
681 1427 729 1470 me
751 1408 822 1469 sinit
843 1407 904 1471 ulla
924 1408 1048 1471 facultas

2 1513 4 1562 l
139 1520 171 1575 ἕ
186 1519 345 1592 Nitentem,
368 1526 399 1580 et
420 1525 522 1580 contra
543 1537 600 1579 nos
622 1517 763 1580 festinare
784 1518 901 1580 videtum

188 1629 325 1691 Occursu
346 1645 442 1707 usque
463 1625 582 1704 magis?
601 1661 645 1673 -
665 1627 732 1688 Non
754 1634 783 1689 te
805 1634 911 1707 stupor
933 1637 1068 1708 occupet,
1090 1627 1196 1708 inquit,

187 1739 221 1802 Si
243 1738 296 1800 tibi
319 1737 436 1816 stringit
457 1737 554 1800 edlruc
576 1736 672 1799 aciem
694 1755 767 1816 gens
788 1737 907 1800 aethere
929 1739 1037 1800 missa:

187 1846 320 1925 Angelus
341 1855 396 1919 est,
418 1846 569 1908 hominem
592 1847 643 1926 qui
664 1845 800 1909 hortatur
821 1847 964 1909 scandere
989 1849 1020 1909 in
1042 1848 1142 1910 altum.

186 1957 250 2020 Nec
271 1957 360 2033 longe
378 1955 442 2036 jam
463 1965 581 2035 tempus
603 1955 697 2028 abest,
720 1975 788 2018 eum
809 1957 884 2018 haec
906 1973 1028 2018 cernere
1050 1966 1175 2038 propter

139 2073 173 2126 att
187 2067 253 2129 Non
276 2083 364 2146 grave
387 2065 452 2139 erit,
476 2064 529 2126 sed
552 2065 639 2128 dulce
660 2065 723 2138 tibi,
747 2065 844 2145 quoad
866 2065 989 2127 tendere
1012 2085 1133 2130 sensum

187 2177 316 2240 Naturae
338 2174 474 2238 dederint
495 2173 585 2236 vires.
605 2208 649 2221 --
670 2175 708 2238 Ut
728 2175 863 2237 venimus
884 2175 962 2237 almo

188 2287 309 2366 dligero
331 2303 440 2358 coram,
462 2285 508 2346 sic
528 2263 652 2346 lacteis
674 2303 747 2347 voce
768 2285 918 2366 protatur:

188 2397 252 2460 llac
273 2396 380 2457 intrate
401 2393 520 2472 gradus,
544 2412 599 2473 per
620 2413 697 2474 quos
718 2395 816 2457 minus
838 2394 930 2457 ardua
951 2394 1041 2456 ducet

188 2506 250 2568 Vos
271 2505 329 2567 sia.
351 2536 391 2548 -
413 2504 546 2583 digressi
568 2503 636 2565 inde
658 2505 856 2578 ascendimus,
879 2512 980 2584 atque:
1003 2505 1090 2566 Beati

140 2621 172 2675 ul
190 2616 245 2679 lllr’
265 2615 354 2678 corde
376 2615 460 2686 dono,
484 2619 537 2695 qni
555 2626 629 2677 sunt
648 2603 840 2677 miserescere
861 2617 948 2687 suetr',

188 2724 327 2788 insonuit
347 2731 437 2796 retro,
460 2731 498 2796 et,
520 2725 615 2803 ponde
636 2728 689 2805 qui
708 2728 813 2786 vincia.
857 2723 981 2804 Utrique

189 2833 254 2898 Soli
275 2852 335 2896 una
356 2832 452 2894 scalas
474 2833 647 2895 ascendere.
689 2834 727 2896 At
747 2833 819 2897 utile
840 2834 920 2906 duxi,

189 2943 273 3007 lllius
295 2962 333 3006 ex
352 2941 451 3003 rerbis
473 2943 500 3004 si
522 2943 684 3024 quidquam
705 2943 821 3006 discere
842 2961 974 3024 possem,

189 3053 265 3116 Itum
287 3069 404 3114 mecum
426 3052 470 3113 irc
491 3053 566 3114 viam
589 3052 717 3133 pedibus
738 3043 890 3133 pergebat,
914 3061 944 3116 et
965 3053 1063 3132 ipsum

139 3171 173 3224 tlt
189 3162 357 3242 Aggressus
379 3161 490 3241 rogito:
515 3162 663 3235 Quidnam
684 3163 781 3224 innuit
802 3162 973 3225 Aemilianis

191 3272 262 3336 (lite
284 3273 380 3335 anima
402 3271 552 3345 interris,
575 3281 743 3335 consortem
766 3281 796 3335 et
812 3272 880 3353 jura
901 3272 1018 3334 vetandi

190 3379 455 3446 Commemoratis?
498 3381 582 3446 'l'uoc
602 3381 653 3444 ille
674 3381 764 3444 mihi:
788 3384 873 3456 Quae
894 3389 1061 3464 manuque
1083 3378 1189 3444 demna

189 3493 225 3555 ln
247 3511 282 3555 se
304 3491 455 3571 congessit
476 3491 560 3554 labes
580 3511 634 3554 sua
656 3493 790 3564 maxima,
813 3493 904 3554 norit

191 3603 292 3678 Quare
314 3619 352 3663 ne
374 3610 491 3682 stupeat
513 3601 679 3682 quisquam,
703 3602 729 3663 si
750 3620 824 3664 soce
845 3601 999 3682 reprendit

137 3727 171 3780 45
187 3712 253 3774 lloc
275 3711 378 3772 vitium
399 3712 429 3773 in
451 3720 575 3784 vestros,
598 3710 679 3774 luctu
701 3719 733 3774 ut
754 3712 866 3793 majore
887 3712 1031 3773 leventur.

70 3860 74 3911 l
190 3821 278 3897 Quod
299 3840 386 3883 mens
408 3829 505 3884 restra
526 3821 621 3884 aciem
642 3821 781 3901 viresque
803 3821 930 3883 intendit
949 3820 980 3882 in
1002 3819 1059 3885 illc

189 3931 325 4004 Quorum
346 3949 416 4010 pars
438 3931 541 4002 minui,
564 3931 648 3993 socio
670 3932 839 4006 accedente,
861 3929 985 4004 ridetur,

188 4041 352 4120 Propterea
374 4039 453 4119 cogit
474 4039 602 4120 suspiria
624 4040 733 4103 ducere
755 4040 831 4101 liror

188 4148 273 4212 Folle
296 4169 362 4212 suo.
405 4151 443 4212 dt
465 4149 540 4212 coeli
563 4151 721 4231 sphaeram
743 4149 769 4212 si
791 4157 889 4213 vestra
912 4149 1021 4229 cupido

138 4269 172 4324 5⁰
189 4258 349 4340 Suspieiat,
372 4259 462 4322 timor
482 4259 533 4321 hic
554 4279 570 4321 a
591 4267 690 4322 restro
712 4268 834 4340 pectore
856 4259 985 4322 abesset.

69 4350 72 4409 l
187 4369 323 4451 Namque
344 4368 405 4432 illic
427 4377 538 4451 quanto
559 4369 629 4452 plus
651 4370 696 4432 las
719 4377 765 4432 est
785 4368 886 4431 dicere
908 4375 1050 4442 nostrum,

1108 4469 1141 4522 ld
