3136 5164
84 351 337 381 Ι,..-----ιι-ιιι--
352 351 820 363 ...η--ω--υ-ψ-...ι--ψ

558 407 740 459 rundatotttt
759 402 836 460 ΧΧΙΧ.

83 618 85 681 ἶ
191 627 230 690 lit
250 627 340 690 simul
363 645 416 688 ore
438 643 560 688 omnes:
586 625 613 687 0
635 635 667 688 ta
690 627 761 690 berte
776 639 863 701 ¹aratra,
887 629 1040 704 canebant

82 723 85 809 ξ
191 739 287 800 Adara
307 742 391 800 r'ater
411 730 523 798 natael
545 735 625 798 Beroe
646 749 775 819 aeraque
797 749 912 820 tempas
933 745 966 802 ta
988 755 1082 812 omne,

83 825 85 913 J
195 847 382 910 Omnmeata
402 849 534 916 ramae,
556 850 639 926 qaeia
661 857 705 918 tu,
724 845 942 926 pulelerrriaa,
960 862 1115 931 praestas.

234 958 289 1020 net
310 955 362 1018 ubi
384 973 432 1017 me
454 963 557 1017 nonna
579 957 671 1017 liores
693 967 724 1018 et
744 957 877 1034 gramina
899 959 986 1040 liquit
1102 965 1110 980 “

144 1065 311 1139 subibant,
333 1083 430 1145 seque
449 1063 538 1127 aliam
559 1065 683 1126 immisit
703 1081 778 1144 gana
800 1073 861 1130 tota
882 1085 938 1147 per
959 1087 1052 1142 orani,

195 1175 232 1239 Ut
252 1175 302 1236 lux
323 1175 354 1236 in
377 1175 462 1236 coelo
484 1173 583 1236 lneena
604 1174 742 1236 comitata
764 1177 920 1249 eemndat,

83 1330 86 1419 ¹
193 1285 246 1348 llis
268 1285 329 1347 duo
350 1291 421 1364 poet
441 1282 558 1345 barbam
579 1301 687 1346 venere
709 1283 857 1359 animalia,
882 1285 989 1349 fronde

195 1395 298 1458 Cincta
321 1403 411 1474 eaput
431 1392 529 1456 viridi
572 1392 625 1455 ltia
646 1392 741 1455 triam
763 1393 879 1473 singula
900 1405 984 1474 tergo

196 1503 457 1575 Germaniano,
481 1510 511 1564 et
532 1510 618 1565 aram
636 1519 693 1582 per
714 1519 841 1584 eorpora
861 1503 980 1585 plumae

83 1587 87 1729 ἰ
146 1613 308 1680 portenae
330 1612 435 1678 oeulis.
458 1611 572 1691 quales,
595 1611 622 1672 ei
644 1613 764 1686 vireret,
786 1616 883 1692 Argue
903 1614 1039 1678 haberet.

239 1723 307 1786 Non
327 1730 412 1784 vacat
433 1721 559 1783 istorum
582 1723 707 1784 formam
729 1722 902 1786 describere
923 1741 1021 1798 rerau,

84 1875 86 1890 .
194 1834 322 1908 Leot0r3
344 1849 415 1894 eura
437 1831 547 1911 premit
566 1832 670 1912 major,
693 1847 751 1894 neo
772 1832 883 1910 largius
905 1835 955 1896 iati

196 1943 355 2022 Indulgere
377 1959 473 2021 queo;
495 1942 611 2021 hasque
633 1942 713 2004 leraa
734 1942 896 2021 depingere
917 1919 1024 2006 doetus

196 2051 336 2115 Ezechiel
357 2050 513 2114 adeundus
535 2051 606 2123 erit,
629 2053 681 2131 qui
701 2051 776 2113 ridit
795 2051 833 2114 ab
854 2054 944 2114 Arcto

148 2171 181 2225 ab
197 2162 334 2226 Nubibus
355 2161 409 2222 bae
429 2161 586 2240 ventisque
608 2169 698 2240 atque
718 2161 787 2238 igne
808 2161 975 2242 irrumpere
997 2162 1125 2236 adactas,

199 2271 310 2348 Quales
331 2271 466 2332 invenies
487 2269 559 2343 illie,
582 2269 633 2332 bie
654 2287 779 2333 eernere
800 2270 875 2332 talea

198 2383 257 2445 Fas
280 2381 345 2454 erit,
369 2380 508 2460 excipias,
532 2398 606 2460 quae
628 2399 662 2442 aa
683 2379 795 2442 vidisse
814 2381 947 2443 loannes

198 2492 271 2555 llas
291 2497 419 2552 testatur
438 2509 565 2563 meeum,
587 2507 650 2552 non
671 2507 824 2552 consonae
846 2489 900 2552 illi.
1323 2529 1329 2842 '

243 2603 392 2674 Quattuor
411 2599 466 2661 has
488 2599 566 2661 inter
587 2599 668 2680 quod
689 2600 798 2662 restitit
818 2599 972 2674 intervalli,

137 2725 184 2778 tao
199 2713 266 2774 lloo
288 2708 415 2790 geminis
437 2709 582 2772 inatnieta
599 2709 674 2771 rotie
696 2710 839 2789 quadriga
860 2710 981 2772 tenebat

200 2823 285 2886 llere
306 2817 495 2898 triumphali3
516 2819 595 2881 bane
615 2821 748 2900 gryphus
770 2819 885 2882 cervice
908 2819 1058 2895 trahebata

201 2931 401 3009 Sublatusque
423 2927 485 2991 alae
507 2930 638 3010 gryphus
661 2929 800 2992 tendehat
822 2929 970 3010 utrimque

201 3043 286 3104 luter
307 3039 483 3101 lemniadum
505 3039 636 3101 medium
658 3039 766 3119 bisque
789 3039 895 3101 ordine
915 3039 1022 3114 trinos,

200 3150 349 3214 Laederet
369 3158 402 3210 ut
422 3157 556 3222 neutros,
578 3149 650 3211 dum
671 3149 800 3212 finderet
820 3155 888 3211 adra
910 3149 1028 3228 pennis.

138 3269 185 3323 1⁰5
202 3263 331 3324 Tantum
352 3258 586 3332 adscendebant,
608 3258 688 3321 oculi
711 3267 743 3320 ut
765 3275 884 3320 serrare
905 3259 1065 3338 nequirent

202 3369 330 3434 Sublati.
376 3369 481 3443 Quoad
505 3368 568 3430 alea
590 3376 663 3442 arat,
685 3367 819 3430 membra
842 3387 933 3430 aurea
953 3367 1089 3442 habebat,

202 3483 326 3544 Caetera
348 3479 487 3542 lucebant
507 3477 636 3540 albentia
657 3479 772 3542 murice
794 3478 890 3540 mista.

86 3586 90 3657 l
201 3591 270 3654 Non
293 3606 382 3670 quem
404 3587 570 3670 Soipiadea,
592 3605 655 3649 non
677 3605 765 3669 quem
787 3589 986 3668 lnduperator
1005 3588 1114 3668 agebat

87 3752 88 3763 ,
202 3703 363 3780 Augustus,
385 3705 468 3760 tante
490 3715 595 3760 eunus
618 3705 657 3772 te,
679 3698 782 3772 Roma,
804 3698 914 3760 deeora

86 3768 90 3881 i
139 3821 187 3874 uo
202 3809 322 3873 omisa
342 3809 467 3882 laeum3
489 3808 543 3870 sea
566 3825 671 3870 curru
694 3807 773 3870 sous
795 3809 832 3870 aa
855 3808 944 3870 isium

86 3894 89 3998 ff
202 3920 296 3982 Esset
316 3935 406 3998 opum
427 3935 557 3998 paupera
579 3925 643 3979 toto
666 3919 716 3998 qui
739 3917 855 3980 tramite
877 3918 1029 3992 aberrans,

87 4008 90 4127 ᾗ
202 4027 397 4109 Supplieibue
418 4027 496 4088 rotis
517 4035 596 4089 terra
618 4027 796 4108 implorante
819 4027 954 4101 salutem,

86 4130 90 4235 J
202 4137 287 4202 brait
307 4137 343 4200 ab
366 4137 435 4217 igue
455 4137 548 4210 lovis,
571 4155 660 4217 quem
682 4137 759 4200 altae
780 4137 825 4198 ria
848 4145 950 4218 egerat
970 4138 1032 4200 irae

86 4247 90 4300 ἰ
201 4249 288 4312 iusta
309 4247 393 4309 saus.
436 4247 636 4327 nexumque
655 4255 751 4310 rotam
772 4255 844 4320 tres,
867 4248 984 4326 agmine
1005 4248 1094 4320 laeto,

140 4357 186 4414 tlt
203 4356 371 4437 cingebant
392 4357 482 4420 Dirae
504 4365 595 4440 atque
615 4357 646 4420 in
669 4373 771 4438 gyrum
793 4356 926 4420 membra
946 4356 1113 4428 movebant,

84 2469 89 2616 '

85 2742 89 2921 t

85 2927 89 3145 l
