3116 5162
565 459 759 512 tnrnnnonuu
777 459 800 510 V.

673 715 730 806 ,tt

71 870 76 1045 Ι
218 897 271 959 Sie
293 896 366 958 orbe
389 915 424 957 ex
446 896 543 976 primo
566 897 796 970 descendimus,
819 897 909 977 inque
932 899 1093 962 secundum

177 1007 333 1078 Venimus,
357 1006 454 1086 ampla
477 1006 576 1068 minus
598 1005 663 1067 loca
687 1007 890 1086 complexum,
913 1017 1001 1086 atque
1024 1008 1137 1070 doloris

177 1115 247 1178 Plus
270 1125 369 1186 tanto,
392 1114 520 1177 afflictus
544 1115 659 1176 animas
682 1116 816 1193 cogentis
839 1125 923 1178 acute

176 1226 256 1288 llere
281 1243 387 1287 mnum
410 1225 572 1302 ingemere.
615 1224 671 1286 llio
693 1225 790 1286 limos
813 1235 884 1296 stat,
908 1235 937 1286 et
959 1225 1098 1290 horridus
1121 1247 1173 1288 ore

147 1335 330 1414 tllingitur3
351 1335 402 1395 hio
425 1333 527 1413 culpas
550 1313 719 1396 venientum
742 1335 845 1406 discit,
869 1353 981 1414 eosque

176 1443 308 1518 iudicat,
333 1453 512 1526 etprensos
534 1443 643 1516 mittit,
666 1451 755 1523 prout
776 1443 843 1524 ipse
866 1443 1000 1506 revinxit.
1025 1519 1027 1526 Α

176 1555 250 1616 llam
272 1553 350 1615 male
373 1563 441 1614 nata
465 1554 562 1614 anima
586 1561 617 1614 ut
639 1572 739 1614 eoram
763 1553 857 1625 stetit,
881 1553 945 1632 ipsa
970 1555 1077 1616 latetur

177 1663 272 1726 Omne
296 1681 389 1742 genus
411 1663 499 1724 ritae.
544 1662 694 1736 runcis,
718 1663 768 1742 qui
792 1663 915 1724 erimina
939 1663 1029 1735 norit,

77 1750 80 1787 =
176 1773 258 1848 Quae
281 1773 347 1834 loca
370 1773 508 1834 tartareis
532 1772 571 1833 sit
593 1772 681 1850 digna
704 1771 839 1833 habitare
861 1773 917 1833 sub
940 1774 1034 1834 antris

76 1790 80 1957 l
133 1891 161 1942 to
175 1881 315 1963 Inspicit,
339 1901 374 1943 ao
396 1882 486 1942 toties
509 1899 576 1943 sese
600 1881 811 1959 glomeramine
834 1883 945 1943 caudae

77 1976 81 2073 l
176 1993 290 2071 (lingit,
313 2001 387 2072 quot
409 1990 550 2069 gradibus
573 1992 739 2052 demersam
762 1991 870 2068 degere
889 1992 989 2072 jussit.

176 2101 302 2181 Semper
324 2101 518 2162 circumstant
539 2101 619 2160 huno
640 2098 750 2162 multae
771 2101 940 2181 adeuntque
962 2103 1095 2165 vicissim
1167 2143 1172 2158 .

175 2210 339 2284 Jutlieium,
363 2229 486 2272 caussas
509 2217 613 2282 orant,
637 2208 785 2270 sententia
808 2217 918 2270 eoram·

80 2342 82 2351 ·
177 2320 316 2392 Auditur,
340 2328 401 2380 turn
424 2319 605 2400 praecipites
628 2317 683 2380 sub
707 2318 829 2381 'l'artara
854 2330 987 2398 aguntur.

138 2433 163 2485 lt
217 2427 241 2490 0
267 2439 312 2501 tu,
337 2429 387 2508 qui
410 2427 575 2508 hospitium
597 2429 748 2506 lugentum
770 2429 882 2491 intrare
904 2427 1033 2500 laboras,

79 2510 83 2641 i
178 2537 257 2612 (llis,
279 2537 332 2599 ubi
356 2555 403 2599 me
425 2537 513 2608 vidit,
535 2537 634 2600 verbis
657 2547 703 2600 est
725 2537 871 2600 Gnossrus
895 2558 975 2608 usus,

80 2652 83 2747 l
178 2647 292 2710 Grande
314 2647 515 2709 ministerium
538 2648 730 2727 abmmpens)
755 2667 839 2720 eave,
864 2657 893 2708 et
915 2648 1031 2728 aspice,
1056 2650 1135 2729 quali

81 2786 84 2861 q
177 2757 278 2820 Fretus
302 2777 359 2838 ope
382 2758 440 2818 hue
462 2756 578 2829 venias,
602 2757 700 2818 aditus
723 2777 778 2819 neo
800 2767 828 2819 te
851 2759 947 2837 ampla
968 2759 1107 2838 profundi

81 2868 85 2963 l
179 2865 258 2928 Ostia
281 2865 444 2947 decipiant.
467 2899 507 2910 -
531 2865 593 2928 Dux
617 2875 719 2928 eontra
743 2867 851 2929 talibus
874 2867 953 2929 infit:

135 2983 164 3036 tt
181 2977 254 3051 Quid
279 2978 398 3038 tandem
421 2973 588 3038 inclamas?
609 2977 702 3038 Fatali
726 2975 844 3050 alesine,
867 2977 974 3048 llrnos,

178 3085 253 3149 Velle
276 3087 367 3148 istum
390 3085 634 3166 prohiberetis:
658 3105 784 3166 namque
807 3086 857 3147 illa
881 3095 1014 3166 potestas

83 3172 85 3229 l
178 3195 240 3258 Vult
261 3196 319 3267 ita,
344 3197 391 3257 eui
416 3197 514 3258 lacere
537 3195 684 3275 estquod
707 3195 780 3260 vult.
805 3203 836 3256 et
856 3196 939 3258 mitte
962 3215 1067 3274 rogare

83 3278 86 3335 '¹
177 3305 330 3368 ulteriora.
374 3305 462 3366 llodo
484 3304 587 3366 auditu
608 3302 779 3365 miserabile
801 3323 919 3367 carmen

84 3410 87 3497 ξ
178 3415 300 3496 Incipit,
325 3416 416 3495 inque
439 3413 536 3475 locum
559 3413 756 3486 medonem,
780 3413 829 3474 ubi
853 3415 997 3494 plurimus
1020 3433 1108 3477 aures

136 3533 164 3585 et
178 3525 314 3588 Percellit
334 3525 470 3605 plangor.
515 3524 601 3586 Stant
622 3528 702 3585 omni
725 3543 741 3584 a
764 3521 875 3585 lumine
898 3533 1004 3596 mutae,

180 3633 255 3708 Quas
277 3653 382 3696 sumus
406 3633 547 3712 ingressi,
570 3632 661 3694 valles
683 3633 844 3711 mugitibus
868 3633 952 3706 iotae,

180 3743 234 3807 Ceu
256 3763 340 3806 mare
362 3743 527 3813 turbatum,
550 3743 637 3804 simul
661 3743 691 3802 in
714 3741 862 3803 contraria
885 3743 963 3803 versi

179 3852 361 3917 Baoehantur
381 3851 470 3914 renti.
516 3852 573 3925 Qui
597 3852 704 3914 miscet
725 3837 863 3923 Tartara,
886 3852 973 3914 turbo
1032 3845 1035 3854 ’

180 3961 323 4044 Tempore
344 3981 495 4042 nunquam
518 3962 578 4023 ullo
602 3957 740 4022 consistit
762 3962 882 4042 agitque
905 3963 1008 4041 rapina

86 4128 88 4157 Ι
138 4079 166 4132 tt
180 4069 332 4152 Correptas
356 4070 485 4144 animas,
509 4078 685 4150 torquetque
709 4069 820 4150 luitque
842 4070 996 4132 molestus.

217 4181 253 4242 tu
272 4190 392 4243 rentum
415 4189 483 4242 ante
506 4173 574 4241 oras
598 4180 672 4241 altae
695 4179 892 4259 immanisque
915 4181 1019 4242 ruinae
1042 4189 1096 4251 est,

180 4287 376 4362 illustrium,
399 4291 546 4370 fletusque
569 4289 655 4350 simul
680 4289 833 4370 tristisque
857 4291 993 4370 querela:

179 4395 229 4460 llio
250 4401 397 4460 exsecrari
418 4409 516 4461 terrae
538 4398 673 4486 coelique
686 4409 859 4479 potentem.

51 4476 317 4608 Lm.
861 4499 1294 4612 *Lu
