3116 5162
305 455 327 520 4
758 455 951 510 llil'EllllOliUld
973 457 991 508 l.

323 687 356 741 25
373 675 487 738 lmmisi
509 693 613 738 rursus
636 675 695 748 sic,
718 684 751 737 ut
771 695 825 756 pes
848 675 962 738 bmriur
983 683 1065 738 esset

373 783 503 847 luserint·
523 803 651 866 semper.
694 783 779 848 'lunc
801 804 897 867 paene
919 785 949 846 in
971 785 1074 847 limine
1096 784 1194 865 prime

372 895 539 968 Ascensus,
562 895 706 974 panthera
729 895 803 957 levis
826 893 1016 976 rapidissima
1038 913 1127 956 eursu

374 1003 451 1066 Ecce
473 1003 548 1066 mibi
570 1004 715 1076 desumit,
740 1003 892 1068 maculoso
915 1003 1044 1083 tegmine
1067 1003 1194 1082 fulgens.

373 1113 411 1176 Et
431 1132 583 1194 uunquam
604 1125 673 1176 ante
695 1133 779 1174 mens
801 1112 904 1175 oculos
927 1113 1082 1174 discedere
1104 1115 1167 1174 visa
1190 1121 1246 1186 est,

324 1239 358 1291 au
374 1223 468 1284 lmmo
491 1242 589 1284 meum
611 1223 795 1303 impediebat
816 1222 874 1284 iter
895 1223 955 1296 sic,
979 1235 1012 1284 ut
1032 1221 1108 1302 pede
1129 1240 1217 1284 verse

374 1334 472 1413 Saepe
494 1331 568 1393 mihi
590 1349 711 1410 gressus
733 1332 824 1395 luerit
845 1351 930 1394 mens
952 1339 1032 1393 certa
1054 1332 1177 1394 referre.

416 1442 548 1520 Tempus
571 1448 648 1514 eret,
672 1461 739 1504 cum
761 1460 847 1504 mane
870 1460 947 1502 noro
970 1441 1018 1502 lux
1040 1440 1168 1520 dissipet
1189 1439 1319 1512 umbras,

244 1535 245 1540 ἵ
375 1552 487 1632 Solque
508 1550 690 1614 ascendebat
712 1547 807 1612 stellis
829 1549 1029 1612 circumdatus
1050 1549 1121 1623 illis,

376 1661 458 1736 Quas
481 1660 585 1722 babuit
606 1679 722 1734 secum,
746 1659 806 1722 diri
830 1679 896 1721 cum
920 1661 1039 1721 dextera
1063 1659 1175 1720 amoris

326 1779 358 1832 ³5
376 1769 428 1832 llla
451 1769 613 1848 effingebat
633 1769 762 1849 primum
784 1769 982 1851 pulcherrima
1006 1787 1120 1842 rerum3

376 1879 413 1942 Ut
434 1898 488 1959 spe
511 1889 558 1940 sat
579 1880 675 1941 lausta
697 1879 837 1940 suaderet
857 1877 1002 1964 temperis
1024 1879 1107 1952 hore,

265 1997 269 2006 '
375 1987 452 2050 Anni
475 2000 505 2050 et
527 1989 687 2070 temperies
709 1987 820 2058 dulcis,
843 2007 890 2050 me
913 2006 1003 2067 pesse
1026 1987 1117 2068 potiri

375 2097 517 2160 Blandum
539 2097 618 2180 pelle
640 2097 743 2161 leram.
787 2099 824 2159 tr
845 2115 905 2158 nnn
927 2096 986 2170 sic,
1010 2105 1042 2158 ut
1053 2095 1194 2176 ¹membra
1216 2113 1327 2175 parere

375 2209 460 2270 llaud
484 2207 556 2270 mibi
579 2215 812 2280 connumerent,
835 2205 956 2269 violenti
979 2205 1029 2268 ubi
1052 2225 1138 2268 sacre
1162 2206 1259 2268 leonis

254 2358 257 2417 p
324 2335 359 2388 te
376 2319 512 2399 inspecta
536 2329 583 2380 est
603 2317 707 2380 lanies.
749 2319 845 2398 Atque
868 2315 916 2378 bic
938 2334 985 2378 me
1008 2317 1130 2378 tendere
1152 2323 1255 2377 contra
1293 2405 1296 2414 Ι

376 2427 498 2490 Cervicc
520 2426 616 2502 eluta,
640 2427 722 2489 rabie
743 2426 912 2488 stimulatus
933 2425 1051 2498 edendi,

376 2537 413 2600 Ut
435 2537 508 2600 rnilri
529 2535 570 2597 sit
590 2535 672 2596 risus
694 2535 844 2616 trepidare
866 2546 955 2616 atque
977 2535 1138 2598 infremere
1159 2539 1219 2598 adr.

378 2645 415 2707 Et
436 2645 505 2726 lupa
528 2653 700 2706 cunctarum
723 2643 795 2706 milri
818 2645 881 2706 risa
905 2644 1045 2725 cupidine
1067 2663 1166 2706 rerum

376 2755 423 2816 lre
446 2763 578 2834 gravata,
602 2754 665 2814 suis
689 2772 867 2834 quamquem
890 2753 936 2816 rix
959 2754 1079 2816 ossibus
1102 2753 1239 2828 haerens,

326 2873 360 2928 ts
378 2864 462 2939 Quae
484 2862 592 2924 multas
614 2871 717 2942 gentes
738 2863 796 2925 rita
815 2863 877 2945 jam
900 2863 1007 2926 alllirit
1027 2881 1136 2926 amara.

377 2973 451 3036 'lare
474 2971 571 3052 gravis
593 2971 650 3034 ista
673 2973 745 3035 nribi
769 2975 881 3046 luerat,
904 2983 963 3036 tam
986 2974 1092 3036 odiosa
1114 2975 1230 3046 timere,

378 3084 474 3159 Quem
497 3082 557 3144 vidi
579 3095 614 3145 ex
636 3082 747 3155 oculis,
770 3091 893 3164 totoque
915 3103 950 3144 er
972 3103 1024 3148 ere
1046 3084 1213 3154 micantem,

379 3193 417 3256 Ut
438 3211 492 3273 spe
514 3193 684 3256 deciderem
706 3193 842 3276 potiundi
864 3193 983 3256 verticis
1006 3191 1068 3256 alti.

379 3303 417 3366 Et
439 3303 551 3384 qualis,
574 3303 623 3384 qrri
646 3303 763 3384 quaerit
785 3322 859 3383 opes
882 3303 1071 3384 cumulatque
1092 3303 1229 3374 libenter,

329 3429 363 3482 sn
380 3413 481 3476 llenec
505 3421 622 3492 tempus
645 3413 743 3484 sdest,
767 3413 846 3492 quod
868 3421 952 3493 parta
975 3413 1110 3475 amittere
1133 3412 1221 3492 cogit,

381 3521 456 3584 Tota
479 3522 577 3584 anime
601 3521 705 3584 infelix
727 3530 757 3584 et
778 3529 877 3584 mente
900 3531 930 3584 et
951 3535 1073 3605 pectore
1095 3531 1159 3585 toto

379 3632 503 3712 Fletque
525 3631 665 3711 doletque
687 3629 791 3695 simul:
814 3632 902 3695 talem
924 3649 973 3694 me
994 3632 1092 3695 bellua
1115 3631 1186 3694 lecit

382 3741 546 3822 irrequieta
568 3740 692 3803 adversa
715 3759 822 3814 ruens,
842 3741 904 3823 jam
923 3742 1043 3822 jamque
1065 3741 1217 3821 repulsum

384 3851 457 3914 llluc
479 3851 668 3923 detrudebat,
691 3849 742 3913 ubi
765 3860 844 3913 tecet
866 3851 1016 3914 aetherius
1038 3851 1100 3914 Sol.

333 3965 367 4020 ta
426 3963 463 4024 ltt
484 3963 553 4023 dum
577 3961 770 4040 praecipitem
794 3979 841 4024 me
864 3961 949 4023 ecllir
972 3960 1009 4023 ad
1031 3960 1089 4022 ima
1112 3959 1254 4034 ferebam,

385 4069 524 4133 Occurrit
545 4071 681 4152 quidam,
704 4071 752 4132 cui
780 4071 868 4149 longa
889 4071 1009 4133 silentia
1030 4069 1123 4142 rucis,

386 4181 468 4254 eras
490 4178 594 4242 babuit
615 4180 781 4260 quendem,
802 4180 882 4242 vires
905 4177 1032 4260 fregisse
1052 4187 1192 4260 putasses

384 4291 470 4352 llunn
493 4289 618 4352 simulac
637 4287 700 4350 vidi
721 4299 820 4351 vastae
842 4289 921 4353 inter
941 4289 1026 4353 devia
1049 4289 1150 4361 silvae,

385 4401 410 4465 0
433 4399 672 4472 misereremei,
695 4397 817 4462 clamari
842 4407 921 4462 totus
941 4398 973 4461 in
995 4399 1057 4473 illo,
