3144 5164
313 375 374 441 35⁰
775 379 908 431 rrnmrsr
926 379 984 430 uu.
1099 347 1103 350 ’
1497 325 1502 563 Ι

382 599 478 674 Quem
499 600 574 663 mihi
591 600 757 684 iucundum
779 600 871 662 luent
890 615 997 680 parere
1018 605 1179 678 magistrae

330 721 364 774 2⁰
381 709 558 784 Cnelieclee,
580 718 696 790 partem
718 727 787 772 cunr
808 708 926 772 enimus
947 707 1089 772 librasset
1110 717 1277 788 utramque.

381 819 461 881 lntra
483 819 662 900 crystallum,
686 837 762 900 quee
783 818 886 882 mundi
909 817 1047 880 circumit
1068 835 1138 878 ores

379 927 472 992 Necte
493 930 578 992 ducis
600 947 709 992 nomen
731 929 803 1004 ceri,
825 946 885 1010 quc
907 946 977 1008 rege
995 927 1116 1007 lucebat

379 1037 538 1119 Nequitiee
561 1058 649 1104 omne
672 1057 777 1118 genus,
799 1038 880 1102 scale
902 1055 991 1102 suren
1013 1035 1093 1100 clare
1114 1038 1244 1100 micante

380 1149 451 1211 Snle
472 1148 545 1210 milri
568 1149 631 1212 vien
653 1158 699 1212 est
721 1167 754 1212 se
777 1148 823 1210 sic
844 1146 981 1212 attollere
1006 1147 1037 1210 in
1059 1147 1158 1218 altum,

328 1262 362 1316 25
381 1257 417 1320 Ut
439 1277 499 1320 non
521 1258 599 1321 hene
621 1258 708 1322 oculo
731 1275 919 1338 assequerer.
964 1256 1058 1320 Simul
1081 1255 1147 1336 ipse
1168 1254 1306 1318 ridebam

378 1367 437 1430 Per
458 1377 582 1431 cunctos
605 1369 700 1432 elluse
723 1369 832 1448 gradus
855 1374 900 1431 tet
922 1366 1015 1429 millis
1036 1365 1136 1428 lucum

377 1477 491 1552 llelelri,
514 1487 546 1540 ut
567 1497 659 1552 rerer,
681 1478 827 1560 quidquid
849 1475 1019 1557 splendoris
1040 1475 1073 1537 in
1094 1474 1197 1538 aethre
1218 1485 1274 1546 est,

378 1587 470 1650 lsthic
491 1588 644 1650 dillueum.
686 1589 729 1650 Ac
749 1585 842 1650 veluti
864 1585 920 1648 sul)
941 1586 1010 1649 luce
1031 1583 1092 1648 diei

378 1696 477 1761 Prima
498 1697 635 1760 cornices
657 1697 758 1760 nativo
779 1715 864 1759 more
885 1702 1042 1758 moventur

327 1819 362 1872 tu
377 1807 451 1881 Une,
473 1815 507 1869 ut
528 1807 687 1870 calfaciunt
708 1815 865 1888 torpentes
886 1805 1000 1885 frigore
1021 1803 1154 1885 plumes:

375 1915 490 1980 Deinde
512 1915 588 1979 eliae
609 1917 783 1991 abscedunt,
806 1933 863 1980 nec
884 1915 979 1994 tangit
999 1933 1070 1978 cure
1091 1929 1259 1992 regressus,

377 2026 503 2106 Quaque
524 2026 635 2101 abiere,
658 2027 734 2090 eliue
755 2026 892 2100 redeunt,
915 2043 1043 2104 seseque
1066 2031 1199 2086 retentes

377 2135 553 2198 Consistunt
573 2136 667 2212 nliee3
689 2135 758 2200 telis
780 2134 992 2217 splendoribus
1015 2151 1083 2196 esse

376 2244 447 2308 Visa
469 2245 542 2308 mihi
564 2255 610 2308 est
631 2245 691 2308 illis
713 2245 807 2321 reti03
828 2263 958 2326 nemque
980 2243 1112 2324 undique
1133 2241 1233 2305 cuncti

326 2362 360 2419 tl
376 2355 529 2418 Advenere
552 2355 651 2430 simul,
673 2357 770 2421 donec
791 2355 915 2434 tetigere
938 2363 1073 2435 puratum

377 2464 543 2545 Unicuique
564 2465 696 2544 predum,
718 2464 821 2546 etqui
843 2464 996 2546 proximus
1018 2461 1134 2526 adstitit
1153 2459 1242 2540 ignis,

376 2575 477 2656 Usque
499 2574 574 2638 adeo
596 2575 681 2638 lulsit
701 2575 790 2650 clere,
812 2583 845 2638 ut
866 2574 923 2638 sinn
945 2574 1036 2637 corde
1057 2573 1190 2636 locurum:

377 2683 473 2758 Quem
495 2683 569 2746 mihi
589 2693 775 2766 pmeportes,
798 2683 885 2748 icelle
906 2692 955 2747 est
974 2701 1158 2762 cognoscere
1179 2698 1326 2744 emerem.

375 2793 431 2855 list
451 2792 511 2867 ille,
533 2793 613 2856 unde
634 2794 708 2856 milri
729 2803 910 2875 tempusque
929 2792 1112 2872 medumque
1133 2790 1292 2856 manebam

325 2909 360 2964 tt
377 2901 512 2964 Scitendi
533 2919 569 2964 nc
589 2902 721 2965 studium
742 2903 856 2983 puriter
877 2922 945 2966 eum
965 2921 1040 2966 vnce
1060 2900 1226 2983 premendi,

376 3012 457 3088 Stnt3
480 3031 536 3075 nec
556 3011 725 3076 consultum
747 3011 825 3076 mele
846 3013 906 3077 erit
925 3012 1010 3087 mihi,
1031 3011 1058 3074 ei
1080 3029 1139 3092 que
1160 3027 1267 3089 regere

374 3122 502 3202 ingratis
524 3122 649 3186 mittem.
690 3124 729 3185 At
749 3141 826 3204 quae
847 3123 962 3186 rideret
981 3123 1041 3185 ime
1061 3120 1189 3184 tenentis

374 3231 458 3294 lilius
480 3232 645 3313 inspiciens
666 3232 698 3296 in
719 3231 841 3308 vultum,
864 3233 915 3312 qui
936 3231 1037 3294 emnia
1058 3230 1170 3306 cernit;

374 3341 463 3406 Solve
486 3352 546 3414 luc,
568 3340 653 3415 dixit,
676 3343 838 3405 ferventem
860 3341 892 3404 in
912 3351 1036 3422 pectore
1057 3359 1167 3404 curam.

323 3453 358 3510 td
374 3450 412 3514 lit
433 3449 535 3532 coepi:
556 3451 643 3514 flend
665 3469 720 3531 epo
742 3469 809 3514 sum
830 3452 915 3526 tenu,
937 3461 979 3526 ut,
1001 3452 1050 3514 cui
1070 3450 1161 3514 verbe
1183 3449 1332 3524 remittes

373 3561 420 3624 lle
442 3559 563 3640 dignum
584 3570 736 3640 reputem3
759 3561 813 3624 sed
834 3569 863 3625 le
885 3561 951 3624 sine
973 3561 1089 3624 llectier
1109 3559 1199 3641 hujus

373 3669 558 3744 Promeritis,
581 3689 657 3752 quse
679 3671 731 3734 det
751 3670 825 3734 mihi
847 3689 983 3752 poscere,
1005 3671 1064 3734 rite
1085 3671 1174 3734 beate

373 3778 500 3842 naeuus
521 3780 668 3843 ooeultau
692 3789 751 3844 tun.
795 3780 842 3843 Sit
863 3779 980 3843 discere
1001 3797 1150 3852 clumam,

374 3889 458 3964 Quae
480 3889 553 3952 milri
575 3896 604 3950 te
625 3890 757 3978 admovit
777 3891 912 3971 propius,
933 3907 991 3952 nec
1013 3890 1112 3954 dicere
1134 3907 1234 3970 perce,

321 4009 356 4066 lt
373 3999 434 4062 Cur
454 3997 513 4060 hoc
534 3997 621 4062 dulce
642 3999 738 4062 melus
760 4000 894 4064 Peredisi
917 4007 1016 4062 cesset
1037 3999 1069 4062 in
1091 3999 1176 4073 erbe,

373 4107 461 4182 Quod
482 4115 543 4170 tem
563 4125 637 4172 voce
658 4107 709 4188 pin
729 4110 949 4190 perspiceres
970 4109 1084 4172 diditur
1104 4127 1209 4172 omnes

370 4214 523 4280 lnleriusl
546 4249 586 4262 -
607 4217 693 4280 'lunc
714 4218 764 4282 ille
784 4219 872 4282 milri:
895 4217 1070 4282 llnrtelibus
1092 4228 1161 4300 spu

371 4326 450 4390 lure
471 4327 551 4392 veles
571 4325 662 4392 ueluti
684 4328 768 4405 visu3
790 4328 964 4409 quereletur
986 4346 1125 4392 mnnrenr
