3124 5170
308 477 349 542 3ss
515 477 519 494 ·
751 477 945 530 turrenorum
963 479 990 528 x.

262 573 721 583 -——---....—-.--.-
732 577 736 580 .

373 698 460 762 liuns
481 697 581 760 subito
603 697 733 760 sonitum
755 715 790 758 ex
813 698 891 758 areis
913 695 1053 758 emiserat
1074 715 1143 758 una.

340 845 342 856 ·
417 807 515 882 Quare
537 807 691 870 duetorem
712 807 853 888 propius,
876 807 1020 869 suadente
1042 825 1161 886 pavore,

323 917 506 982 muccoso.
549 917 602 979 lile
624 927 724 980 autem
745 916 835 979 mihi:
858 915 1002 997 Respice3
1026 916 1097 996 quid
1120 912 1219 976 lanis?
1239 917 1347 997 inquit.

374 1029 469 1089 Cerne
491 1027 676 1097 Famulus,
700 1027 750 1106 qui
773 1045 840 1087 sese
863 1025 988 1100 arrexit,
1011 1035 1040 1086 et
1062 1025 1169 1098 adstat,

373 1137 455 1199 Pube
477 1145 564 1199 tenus
584 1145 680 1198 totum
701 1135 812 1198 videas.
855 1135 921 1197 Jam
944 1137 999 1196 lixa
1021 1133 1162 1196 manebat

373 1247 467 1327 Hujus
490 1247 521 1308 in
544 1265 578 1307 os
600 1245 681 1307 anias
704 1244 797 1318 oculi,
822 1261 887 1306 eum
910 1254 1015 1325 peetus
1037 1250 1068 1304 et
1089 1241 1218 1324 amplam

374 1354 500 1420 Sustulit
521 1356 548 1417 is
570 1354 712 1426 frontem,
734 1353 825 1416 veluti
848 1353 874 1414 si
895 1353 1083 1432 Erebumque
1106 1354 1263 1434 Chaosque

323 1467 356 1519 ³⁰
373 1463 533 1525 'temneret
554 1463 728 1542 indignans:
751 1472 813 1526 turn
835 1482 905 1524 vero
927 1464 1061 1525 animose
1083 1463 1216 1544 levisque

373 1574 479 1635 Dextra
502 1573 586 1639 dosis
610 1573 740 1636 tumulos
763 1580 866 1635 eontra
888 1591 937 1634 me
959 1571 1086 1652 impellit
1106 1573 1143 1634 ad
1166 1573 1274 1652 ipsum,

373 1683 425 1746 Sio
446 1683 554 1745 lando:
577 1683 640 1744 Tua
662 1682 724 1744 sint
744 1689 897 1744 numerata
920 1701 955 1744 ao
976 1681 1069 1743 libere
1090 1683 1190 1745 verba.

373 1793 468 1874 thue
490 1791 559 1854 steti
581 1802 649 1853 ante
672 1809 786 1866 aream,
809 1791 940 1872 paullum
961 1810 1008 1853 me
1030 1791 1142 1853 lumine
1164 1792 1287 1866 lustrat;

373 1901 486 1964 Deinde
509 1901 595 1983 quasi
617 1901 726 1964 iratus:
751 1887 866 1978 Quibus
888 1920 921 1962 as
944 1901 1107 1982 majoribus
1129 1899 1236 1963 ortus?

217 1995 220 2008 ¹
250 2003 253 2048 ¹
321 2010 460 2074 astrixit.
504 2011 582 2106 Ego·q
607 2012 658 2092 qui
680 2012 801 2073 adaram
823 2009 930 2092 cupide
952 2029 1058 2091 parere
1080 2019 1210 2091 paratus.

372 2121 404 2188 ld
428 2139 487 2183 non
510 2121 618 2196 oelavi,
641 2121 736 2183 nitide
758 2120 810 2181 sed
835 2128 939 2182 cuneta
961 2120 1064 2181 retexi.

414 2229 514 2293 Triste
535 2231 726 2312 supersilium
750 2238 812 2292 tum
834 2229 954 2292 sustulit
975 2229 1025 2290 ille
1047 2247 1216 2310 parumper,

371 2341 466 2420 Atque
488 2340 600 2421 inquit:
624 2341 703 2402 Gens
727 2349 823 2402 vestra
845 2339 919 2400 mihi
941 2337 1107 2420 primisque
1129 2357 1262 2402 meorum

371 2453 467 2532 ¹Atque
488 2469 572 2512 meae
594 2452 674 2528 genti
698 2449 753 2512 luit
774 2449 883 2511 aeriter
904 2457 1053 2522 aversata;

320 2571 355 2626 so
371 2559 423 2624 Bis
444 2559 513 2621 ideo
535 2560 613 2621 hane
635 2559 707 2620 ludi.
751 2559 828 2620 Huic
850 2567 969 2620 eontra:
993 2559 1025 2620 si
1049 2559 1113 2620 lusa
1135 2559 1275 2639 profugit

371 2669 422 2733 Bis
444 2677 543 2732 tamen
566 2670 624 2729 hue
645 2687 749 2730 rursus
771 2667 898 2729 reditum
921 2668 988 2729 tulit
1008 2667 1157 2749 undique;
1179 2678 1211 2730 at
1231 2669 1319 2732 istam

371 2779 438 2844 Nou
458 2777 535 2840 bene
557 2783 703 2840 noverunt
723 2777 813 2838 vestri
833 2779 939 2839 artem.
983 2777 1039 2840 llio
1060 2779 1163 2840 umbra
1185 2778 1302 2840 recluso

371 2889 462 2956 Busto
485 2887 543 2950 alia
566 2905 741 2966 assurgens,
765 2895 864 2950 mento
887 2896 973 2949 tenus
996 2887 1106 2948 exserit
1127 2905 1179 2948 ora

303 2979 307 2988 ⁵
371 2999 457 3060 Hono
478 3005 611 3077 propter.
656 2996 797 3059 Ganubus
819 3015 868 3070 sa,
893 2996 998 3069 oredo,
1022 2995 1123 3058 innlxa
1146 2997 1265 3060 levarat.

320 3117 354 3172 ⁴5
372 3107 437 3170 Huc
458 3107 529 3170 illue
550 3107 669 3169 volvens
692 3108 810 3180 oeulos,
833 3113 988 3186 totumque
1010 3125 1170 3186 pererrans

371 3218 441 3286 Viso
463 3235 510 3278 me
533 3217 639 3290 tacito,
662 3218 758 3288 stetit.
783 3227 814 3278 ut
836 3217 888 3297 qui
910 3233 1035 3277 nosoere
1059 3226 1166 3288 averet

370 3328 446 3394 Num
469 3329 537 3414 quis
557 3327 690 3390 venisset
710 3344 836 3387 meeum.
881 3325 918 3388 Ut
940 3327 1080 3387 frustrata
1103 3335 1234 3388 tuentem

372 3439 448 3519 Spss
470 3445 530 3511 est,
554 3436 752 3501 illacrimans:
777 3435 809 3497 Si
830 3435 890 3496 hoe
913 3453 1035 3498 ooeeum
1059 3436 1190 3497 oaroeris
1212 3445 1329 3498 anuum

372 3546 497 3611 Sublimi
522 3545 641 3626 ingenio
666 3545 758 3606 lretus
781 3545 960 3626 portaberis,
984 3545 1090 3626 inquit,

320 3671 354 3724 so
371 3656 463 3718 Natus
485 3655 536 3718 ubi
558 3671 642 3717 meos
666 3650 734 3715 esti
757 3654 904 3728 Quianam
926 3673 986 3716 non
1008 3656 1106 3717 adstat
1127 3663 1157 3716 et
1178 3655 1244 3736 ipse

371 3763 507 3836 Tecum?
528 3765 590 3844 Ego
614 3773 684 3826 tone
706 3763 765 3828 illi:
788 3763 854 3825 Non
876 3782 932 3846 per
952 3783 999 3826 ma
1021 3765 1096 3826 haec
1117 3781 1206 3844 regna
1230 3763 1345 3838 subivi;

371 3875 425 3941 Est
446 3875 519 3940 mihi
542 3873 615 3948 dux,
639 3873 700 3949 illio
723 3871 773 3955 qui
795 3875 1007 3955 praestolatur,
1031 3881 1061 3935 et
1082 3873 1132 3936 ille
1154 3883 1210 3947 est,

371 3985 462 4065 Cujus
485 3984 548 4046 lors
570 3993 668 4046 vester
690 3982 826 4065 despexit
848 3984 979 4046 camnine
1001 3983 1122 4045 Gurnos.

412 4094 450 4157 lit
469 4094 559 4155 verba
582 4093 709 4155 stratio
732 4111 847 4174 poenae
870 4091 942 4155 milri
965 4111 1074 4155 nornen
1097 4101 1199 4174 aperte

235 4183 240 4194 ⁹
320 4215 354 4270 trs
370 4205 464 4285 Hujus
486 4203 696 4284 prodiderant3
719 4221 810 4282 quara
833 4203 878 4263 sio
898 4204 986 4284 plena
1010 4203 1112 4266 remisi

371 4313 537 4394 Responsa.
580 4312 669 4392 Isque
692 4311 793 4374 statim
814 4317 907 4374 totum
929 4333 961 4373 se
984 4313 1094 4375 arrexit
1115 4321 1146 4374 et
1167 4311 1279 4393 inquit:

370 4425 449 4496 ileu,
474 4423 545 4506 quid
569 4421 629 4494 ais,
650 4430 751 4484 vester
771 4419 931 4502 despexit?
951 4423 995 4484 llo
1018 4421 1069 4484 ille
1091 4431 1245 4503 superstas
