3142 5166
576 407 757 462 wuottofflt
774 408 854 460 ΠΙΙΙ.

201 629 235 690 in
258 648 308 702 eet
331 635 361 691 at
383 645 452 689 oera
474 627 545 688 iicet
566 625 644 687 bona
666 626 715 702 ait,
739 646 800 690 nou
821 629 919 691 omnia
942 627 1027 707 signa

153 747 184 801 ³5
201 739 276 801 Esse
299 747 396 801 tamen
418 737 497 799 hono
516 735 644 816 jurabis.
665 769 708 782 -
730 737 793 800 Tua
815 737 904 800 verba
924 756 1083 819 meumque

200 848 356 929 Ingenium
380 864 441 908 nou
464 864 592 925 uuquam
615 845 718 908 abiens
739 847 869 910 docuere
892 857 1054 926 rogantem,

203 957 281 1032 Quid
304 957 344 1020 sit
366 974 460 1028 amor,
482 955 552 1018 dixi.
596 954 704 1017 Verum
725 965 774 1019 tuo
796 957 873 1018 diota
894 956 1066 1038 relinquunt

201 1068 248 1129 iio
270 1066 365 1144 magis
386 1066 548 1139 incertum
571 1065 711 1145 quoniam
734 1067 759 1128 si
781 1066 909 1130 extraria
930 1069 1061 1130 amorem

202 1175 359 1257 Objiciunt
379 1174 468 1236 nobie
489 1175 665 1255 animusque
687 1174 745 1237 aiio
766 1176 844 1255 pedo
865 1176 961 1238 neeoit

153 1291 186 1343 to
202 1287 341 1364 Pergae,
364 1303 420 1347 eeu
442 1284 542 1346 dextra
565 1284 682 1346 incedat
704 1285 765 1347 sive
787 1284 836 1348 illo
858 1285 988 1360 sinistro,

203 1397 240 1458 Et
261 1394 348 1475 eulpa
369 1401 454 1456 vaoat
474 1401 504 1456 et
524 1393 642 1456 merito.
665 1423 704 1438 ·-
729 1394 812 1456 Tune
834 1395 957 1474 insuper
978 1394 1044 1457 iilot

203 1505 288 1580 Quae
310 1505 390 1568 videt
411 1503 565 1576 hieratio,
587 1521 713 1583 possum
734 1503 787 1564 tibi
809 1503 920 1576 dicere,
942 1513 971 1567 et
993 1505 1061 1566 exin

203 1615 319 1689 Quaero
340 1613 521 1686 Bearuremr,
544 1613 614 1675 fidei
636 1631 711 1693 qnae
733 1614 869 1691 dogmata
891 1613 987 1676 oaiiet
1039 1647 1042 1656 Δ

245 1723 373 1798 Quaevis
398 1725 502 1795 torma,
523 1741 578 1784 aua
600 1740 677 1802 quae
699 1731 758 1785 stat
778 1742 811 1786 re
832 1723 977 1803 praedita,
1001 1743 1137 1806 quaeque

154 1837 186 1892 tt
202 1833 289 1896 Secta
312 1851 328 1894 a
350 1832 474 1894 materia
496 1841 550 1905 eet,
572 1832 752 1912 atquehuio
774 1851 807 1894 se
825 1833 924 1914 jungit
944 1841 975 1896 et
993 1835 1106 1908 haeret,

202 1943 346 2005 Virtutem
367 1943 503 2022 ampioxa
525 1954 572 2004 eat
593 1941 753 2022 propriam,
777 1960 852 2022 quae
874 1942 999 2022 contigit
1019 1944 1071 2006 uui

203 2053 378 2130 ingenerata
399 2051 468 2125 sibi,
490 2052 615 2132 quaesi
636 2069 696 2114 uon
718 2051 778 2114 exit
799 2052 830 2113 iu
852 2061 960 2126 autum,

202 2163 268 2226 Non
291 2163 356 2243 quit
376 2162 480 2224 sentiri
502 2170 542 2235 et,
564 2162 623 2224 uisi
644 2179 699 2241 per
720 2179 796 2241 quae
817 2162 893 2223 sacta
915 2169 1080 2241 patescunt,

202 2273 270 2335 Nou
292 2271 522 2345 demonstretur,
544 2271 633 2334 veluti
655 2291 689 2332 ee
710 2271 807 2334 vivero
828 2270 929 2350 planta

155 2385 187 2440 tt)
202 2381 270 2444 Nou
291 2381 351 2443 uisi
373 2400 429 2460 pet·
448 2380 558 2443 virides
580 2380 704 2444 iroudoo
725 2380 883 2443 ostendere
905 2389 1019 2459 posset.

246 2491 347 2565 Quare
367 2490 503 2554 mortalis
524 2491 630 2564 uosoit,
654 2508 712 2570 qua
734 2489 771 2552 ab
793 2490 906 2569 origine
927 2491 1019 2554 menti

201 2601 319 2663 Primae
341 2600 464 2662 notitiae
485 2608 653 2672 occursent,
676 2617 733 2662 noo
754 2618 811 2680 qua
832 2600 883 2662 ilia
904 2601 1013 2680 cupido

201 2709 314 2774 Blanda
335 2721 452 2791 potem,
475 2727 551 2790 quae
572 2709 668 2788 prima
690 2709 789 2772 auimo
812 2710 978 2790 exoptanda
997 2717 1163 2784 recursant,

203 2819 347 2900 Quaeque
369 2819 472 2880 insunt
494 2819 591 2892 uobis,
615 2821 694 2882 siout
714 2819 851 2882 flaventia
873 2819 961 2882 mella

154 2935 187 2990 ta
202 2929 339 3010 Stipaudi
362 2927 492 2990 studium
514 2937 563 2992 eet
583 2928 705 3008 apibus3
727 2946 829 2992 verum
851 2929 900 2992 ilia
922 2929 1015 2992 libido

202 3040 303 3102 Prima
326 3047 407 3101 caret
427 3039 544 3112 merito,
567 3057 624 3102 uec
644 3038 732 3102 nobie
755 3039 885 3102 dedecus
907 3039 1007 3102 infert.

201 3149 289 3211 Nune
309 3148 355 3210 vie
375 3149 476 3212 innata
497 3155 545 3210 eat
565 3148 688 3222 homini,
711 3149 759 3210 oui
781 3147 905 3228 quidibet
926 3148 1000 3211 alter

203 3257 279 3320 Sese
300 3275 384 3320 amor
404 3258 564 3320 adveniens
585 3257 796 3330 accommodat,
819 3265 851 3320 et
870 3258 957 3320 datur
976 3258 1036 3339 ipsi

204 3366 367 3430 Consedere
389 3374 477 3447 atque
499 3375 600 3430 tenere
621 3385 764 3431 aseensus
783 3367 886 3432 limina
906 3367 1011 3447 prima.

154 3477 187 3532 to
244 3477 290 3538 Ex
309 3476 369 3538 hoo
389 3477 539 3558 principio
559 3478 697 3558 procedit
718 3495 824 3540 musea
846 3476 990 3550 merendi,

203 3587 297 3649 Prout
317 3585 403 3659 boue,
425 3586 471 3650 rel
492 3587 568 3650 male
588 3586 762 3668 progenitos
784 3586 912 3650 admittit
933 3605 1050 3652 amores

202 3694 241 3757 Et
263 3695 368 3758 ceruit
411 3695 509 3758 Virtus
529 3696 604 3760 haee
624 3697 727 3771 libera,
750 3707 780 3760 et
800 3697 890 3760 insita
909 3696 998 3760 uobis

201 3805 323 3877 Natura,
345 3805 440 3885 patuit
459 3805 565 3879 doctis,
588 3807 640 3886 qui
654 3807 811 3887 ‘inquirere
833 3815 978 3880 amorerat,

204 3914 288 3988 Quae
310 3915 350 3977 eit
370 3931 474 3978 uorma
494 3915 566 3978 boui
588 3917 690 3990 moris,
714 3918 785 3999 quid
807 3925 914 3998 poseat
933 3917 1085 3980 honestat.

154 4028 187 4084 tt
204 4024 303 4098 Quare
325 4023 440 4097 demus,
462 4041 563 4088 amore
584 4025 721 4090 homiues
743 4045 804 4088 uon
826 4045 918 4106 poteo
940 4045 1050 4099 carere,

202 4133 287 4196 intuo
308 4133 360 4213 qui
381 4134 521 4212 exsurgit,
544 4135 634 4198 vetuti
656 4137 695 4198 sit
715 4155 815 4199 amare
835 4153 971 4210 neeesse,

202 4243 330 4324 Semper
351 4243 431 4306 ineat
450 4243 544 4312 robis¹
558 4243 641 4308 iilum
662 4246 791 4310 retinere
812 4254 955 4327 potestas.

204 4352 265 4415 ista
285 4352 426 4416 erruer
448 4353 718 4435 virtrrs'praeoiara
738 4357 855 4420 videtur
