3124 5170
307 438 347 500 tt
732 384 1484 492 {crememus—Q*
1548 403 1549 432 i

1409 543 1480 552 ——-·-

372 663 503 724 Membra
525 663 614 726 simui
635 661 813 739 dentesque,
836 658 925 720 cubat
946 657 1016 720 dum
1038 656 1137 724 lentus
1158 660 1189 722 iu
1211 661 1335 734 umbra

322 781 355 834 so
372 771 423 836 Sic
445 789 499 850 ego
522 773 705 842 institeram,
728 770 787 831 dux
805 769 883 832 naec
904 767 955 830 ubi
977 767 1103 848 protulit
1124 788 1192 843 ore3

371 882 409 942 dt
430 880 535 954 verbe,
558 881 714 961 ipsiusque
733 879 834 940 nriuee
856 876 1009 940 incussere
1030 877 1155 956 pudoris

372 993 426 1054 Sat
446 990 539 1064 mihi,
563 991 642 1070 quod
665 987 776 1052 iemuio
797 987 876 1060 vires
898 987 976 1048 solet
997 986 1107 1048 addere
1129 1003 1229 1050 coram
1289 1019 1294 1028 ·

369 1099 462 1161 Lenis
483 1099 548 1160 heri
570 1107 703 1180 aspectu.
748 1097 831 1160 Tunc
854 1097 903 1158 ilie
926 1095 957 1159 in
980 1095 1102 1174 grandia
1125 1107 1207 1174 terga

371 1208 491 1282 Insilui,
515 1209 668 1288 suasitque
690 1207 808 1270 enimus
830 1205 875 1266 sic
896 1204 1012 1278 dicere,
1035 1207 1087 1266 sed
1111 1225 1175 1279 vox,

320 1323 354 1376 85
370 1318 408 1380 Ut
428 1319 523 1391 votui,
546 1318 625 1381 haud
647 1316 741 1378 venit:
764 1317 825 1378 Fac
846 1315 899 1376 des
922 1314 995 1377 mihi
1017 1314 1140 1377 brachie
1161 1315 1284 1380 circum.

371 1429 467 1507 Atque
490 1427 532 1500 is,
555 1446 646 1506 saepe
669 1426 743 1488 alias
765 1424 838 1488 nihi
861 1424 911 1504 qui
934 1424 1097 1499 succurrit,
1119 1425 1151 1486 in
1172 1425 1263 1488 eitum

370 1536 483 1609 Fortis,
508 1545 540 1598 ut
561 1535 680 1607 insilui,
703 1553 750 1597 me
773 1534 893 1598 sustuiit
914 1542 1002 1614 etque
1023 1533 1144 1598 tacende

371 1647 506 1708 Vinctum
529 1645 687 1718 sustinuit3
709 1663 778 1708 mox
799 1645 854 1708 has
875 1643 959 1706 dedit
980 1662 1033 1706 ore
1055 1642 1205 1724 loquelus:

372 1757 547 1828 (laerones,
571 1756 618 1819 fec
640 1765 669 1816 te
691 1773 811 1818 moveos
829 1754 908 1833 jam,
931 1761 962 1814 at
983 1752 1064 1830 iunge
1086 1753 1213 1816 notendo

319 1876 353 1927 to
370 1865 526 1928 Intervalla
549 1864 649 1942 legas,
671 1881 728 1927 uec
749 1863 873 1924 multum
896 1862 1030 1924 accedito
1052 1861 1090 1924 sd
1112 1862 1180 1936 ime,

370 1973 577 2054 despectaque
599 1991 723 2046 novum,
746 1973 825 2053 quod
847 1981 948 2049 gestes
971 1984 1103 2049 tergore,
1126 1971 1253 2052 pondus

372 2084 408 2144 Ut
429 2101 496 2145 cum
519 2083 623 2164 cymba
644 2083 712 2144 ioco
735 2101 768 2144 se
789 2081 958 2154 submovet,
981 2081 1040 2144 ista
1061 2089 1224 2144 retrorsum

369 2193 407 2254 Et
427 2193 523 2271 magis
545 2199 634 2272 atque
656 2193 750 2271 magis
772 2191 867 2254 cedit:
891 2191 937 2252 sic
958 2191 1027 2254 inde
1048 2191 1175 2254 recessit

368 2301 515 2364 Paulatim
538 2303 720 2376 abscedens3
742 2301 795 2364 sed
818 2317 885 2362 urm
906 2301 954 2362 ria
974 2299 1068 2362 iibere
1091 2301 1173 2364 nanti

319 2418 352 2472 to
369 2413 490 2476 inventa
513 2421 572 2484 est,
596 2412 647 2476 ubi
669 2420 774 2492 peetus
797 2419 873 2482 erat,
897 2410 1020 2472 coudam
1042 2410 1109 2490 ipse
1130 2410 1262 2474 retorsit

369 2520 571 2601 Protentequc
594 2521 662 2592 iiie,
686 2540 722 2582 ex
743 2519 890 2599 anguinae
913 2537 996 2584 nrore
1017 2518 1147 2592 natabat,

369 2630 554 2709 Brachioque
577 2631 738 2692 extendens
761 2631 797 2690 ad
820 2649 853 2690 se
876 2628 1037 2706 collegerat
1057 2647 1155 2692 aures.

411 2739 552 2819 Maiorem
574 2738 653 2800 haud
676 2739 766 2802 credo
789 2749 886 2800 terrae
907 2738 1080 2802 incubuisse
1101 2757 1241 2818 pavorem

370 2847 537 2927 Tempore,
560 2865 619 2927 quo
641 2847 779 2910 manibus
800 2847 956 2910 Phaethon
977 2845 1079 2910 einisit
1099 2849 1240 2922 hebenus,

305 2969 353 3020 too
369 2957 454 3020 Unde
476 2956 564 3037 hujus
586 2975 704 3036 quoque
727 2957 824 3020 adhuc
845 2957 922 3020 coeii
943 2975 1014 3037 pars
1036 2967 1120 3020 cocta
1142 2959 1274 3032 videtur3

369 3067 431 3128 Neo
453 3083 512 3146 quo
535 3083 568 3128 se
590 3066 698 3144 pennis
719 3066 813 3130 miser
833 3065 935 3130 icarus
954 3068 1153 3148 exspoliatum

371 3176 486 3247 Sensit,
508 3175 559 3240 ubi
583 3195 650 3240 cera
673 3176 810 3248 incaluit,
832 3177 980 3240 clemente
1002 3181 1142 3256 parente:

369 3285 423 3348 Est
444 3285 530 3360 maia,
554 3305 611 3366 que
632 3286 743 3366 pergis,
766 3285 829 3359 rim
850 3303 939 3366 qnam
960 3286 1044 3358 mihi,
1066 3305 1134 3350 cum
1156 3287 1288 3368 undique
1309 3299 1404 3354 totum
1484 3348 1486 3381 Ι

368 3393 523 3460 Libertum
543 3395 603 3458 ridi
622 3395 687 3476 iarn
708 3413 817 3475 corpus
839 3396 871 3458 in
891 3401 976 3470 nera,
999 3406 1029 3459 et
1051 3415 1169 3461 omnem

305 3516 352 3570 lut
368 3506 529 3582 depectum
551 3504 744 3578 exstinctum,
767 3512 886 3584 praeter
905 3507 1031 3568 monstri
1053 3505 1175 3570 horrida
1196 3507 1341 3572 membra.

412 3613 529 3674 interea
550 3613 601 3676 ilie
623 3621 729 3675 natam
751 3612 844 3692 uirgis
867 3623 898 3678 et
918 3615 1013 3693 magis
1035 3615 1078 3678 ire
1099 3617 1225 3680 remisse

370 3723 403 3784 in
426 3739 543 3801 gpmm,
566 3741 601 3786 ac
622 3723 735 3786 sensim
756 3723 956 3796 descendere,
979 3743 1035 3788 nec
1056 3725 1143 3790 detur
1164 3727 1261 3790 hilum

370 3831 403 3894 id
426 3832 538 3897 sentire
560 3832 647 3904 mitri,
671 3832 731 3896 nisi
751 3832 802 3912 qui
825 3833 898 3896 mitri
920 3842 1025 3898 ventus
1047 3835 1079 3898 in
1100 3853 1152 3898 ora

370 3940 489 4020 Spirat,
513 3951 543 4004 et
564 3941 690 4004 interius
711 3942 767 4004 sub
789 3941 909 4022 plantis.
953 3944 1066 4023 Gurges
1087 3963 1231 4024 aquarum
1548 4004 1549 4034 ,

306 4057 354 4110 tto
369 4050 434 4112 tem
456 4059 544 4112 sonet
564 4051 745 4116 horrendum
767 4052 804 4117 ad
826 4053 968 4118 desuem.
1012 4055 1069 4118 iiic
1089 4055 1255 4135 oculosque
1276 4067 1444 4138 caputque
1485 4080 1489 4093 ·
1548 4035 1549 4093 i

372 4161 555 4240 despectans
577 4161 676 4224 tecto.
720 4161 804 4226 Tunc
824 4163 921 4242 major
940 4183 991 4228 me
1012 4173 1141 4244 occupet
1159 4165 1269 4230 horror

370 4269 414 4333 Ad
436 4271 610 4350 strepituum
633 4289 701 4332 nam
723 4271 808 4349 ignes
829 4273 933 4351 espen
953 4273 1100 4354 usuique
1120 4274 1259 4340 durus.

372 4381 471 4454 Quare
494 4398 549 4460 ego
572 4381 705 4446 coetrmi
728 4399 817 4445 cenes
839 4383 1030 4447 tremefaciens
1052 4391 1203 4465 utresque,

252 4574 340 4588 1.-
