3144 5164
309 395 370 460 346
772 402 906 452 rautntst
924 403 971 454 ru

376 619 434 693 Qui
455 619 569 700 lapides
590 619 670 684 inter
690 619 841 694 delabens,
864 621 981 682 lucidus
1003 631 1083 683 errat

374 729 511 792 Natirum
532 737 686 792 ostentans
707 730 869 794 secundnm
891 730 1023 808 grannne
1045 731 1174 794 culmen.

323 847 357 900 2⁰
373 842 417 902 tle
437 839 526 902 veluti
547 857 564 902 a
586 837 664 902 ccllc
687 839 816 902 citharae
838 839 1039 902 modulamina
1061 839 1176 903 ducunt

373 951 522 1023 Formam,
545 947 708 1012 aratore
731 965 801 1010 carc
824 949 1018 1029 penetrabilia
1040 969 1111 1012 aura
1134 951 1258 1024 cicutae,

373 1059 441 1121 Nnn
463 1077 551 1122 secus
573 1058 645 1121 illud
667 1057 729 1121 avis
750 1075 893 1128 murmur,
915 1077 999 1122 mora
1021 1077 1078 1121 nec
1101 1060 1155 1121 init
1176 1061 1244 1134 ulla,

374 1168 433 1231 Per
454 1168 563 1230 collum
584 1167 747 1240 adscendit,
770 1176 910 1247 tanquam
933 1169 959 1230 si
982 1168 1041 1230 hcc
1062 1179 1145 1232 esset
1166 1169 1265 1234 inane.

373 1279 467 1341 lstlric
487 1278 518 1341 in
539 1295 645 1340 rocem
666 1295 699 1339 se
720 1277 814 1348 remit,
837 1286 869 1338 et
889 1278 962 1340 exiit
983 1278 1093 1341 istlnmc

323 1389 583 1450 asperrumum
604 1387 709 1467 ipsius,
733 1387 857 1450 sormam
879 1387 1055 1467 accepitque
1076 1388 1224 1468 loquelae,

376 1499 501 1574 Qualem
523 1517 584 1571 cor,
607 1497 637 1560 iu
661 1515 720 1577 quc
742 1495 792 1558 illa
814 1497 869 1558 luit
889 1497 963 1560 mihi
986 1497 1106 1577 scripte,
1129 1499 1277 1562 manebat.
1396 1483 1402 1500 ⁵

377 1624 385 1643 ‘
417 1609 500 1682 Quae
522 1625 587 1670 mea
609 1625 679 1687 pars
700 1605 765 1667 visu
788 1606 891 1686 pollet,
913 1607 1097 1688 propiusque
1119 1610 1194 1671 tueri

373 1718 430 1780 liat
449 1715 557 1780 vestris
579 1715 687 1796 equilis
708 1714 852 1778 radiantis
874 1715 985 1778 lumina
1007 1717 1089 1789 solis,

372 1829 490 1890 Attente
512 1825 698 1906 inspicienda
719 1825 774 1886 tibi
796 1833 851 1888 est„
873 1825 919 1886 sic
940 1824 1047 1905 incipit
1066 1826 1134 1901 illa3

321 1927 356 2002 ‘ec
371 1937 506 2016 Namque
527 1937 611 2014 ignea
633 1934 720 2008 inter,
744 1953 870 2015 quorum
892 1935 993 1997 inme
1014 1935 1095 1996 lucet
1116 1937 1224 2017 image,

373 2047 431 2122 Qui
453 2047 484 2108 in
507 2047 603 2126 capite
625 2044 760 2106 alliciunt
781 2044 885 2106 oculos
909 2043 1023 2123 lulgcre
1045 2045 1199 2120 micantes,

371 2156 418 2220 llli
439 2175 512 2238 prae
533 2154 657 2236 reliquia
679 2173 793 2216 summe
816 2155 853 2216 ad
877 2154 993 2232 fastigia
1014 2155 1171 2219 scandunt.

371 2266 505 2347 Pupulae
526 2266 558 2329 in
580 2265 652 2327 erbe
674 2281 757 2326 meae
778 2264 895 2327 medius
917 2265 968 2344 qui
992 2265 1128 2344 fulgurat,
1151 2265 1202 2328 ille
1223 2275 1271 2329 est

372 2376 516 2440 flaminis
538 2374 649 2438 aeterni
672 2381 784 2447 canter,
808 2373 858 2454 qui
880 2374 1031 2439 transtulit
1050 2394 1149 2438 arcam

321 2495 355 2550 ³5
372 2481 421 2548 Εἰ
436 2503 514 2567 pago
536 2485 567 2547 in
589 2501 713 2565 pagum3
734 2500 815 2544 nunc
836 2483 927 2546 discit
947 2485 1078 2546 carmina
1101 2485 1203 2565 quanti

372 2595 525 2668 Simena,
548 2602 706 2675 propterea
729 2593 807 2673 qucd
829 2611 900 2654 vern
922 2593 996 2656 haec
1018 2601 1140 2674 pectere
1161 2596 1273 2676 panxie

371 2705 444 2768 Cum
466 2705 564 2767 videat
584 2722 652 2766 sese
674 2703 771 2784 pretio
793 2703 906 2784 majore
928 2721 1100 2783 repensum.

370 2815 473 2894 Deque
494 2813 687 2894 supercilium
709 2812 810 2892 quinis
832 2812 1029 2891 cingentibus,
1052 2813 1111 2887 ille,

371 2923 431 2998 Qui
452 2922 526 2986 rnihi
549 2930 606 2985 stat
627 2921 753 3002 pmpius
773 2929 916 2994 restrum,
938 2923 1053 2986 solatus
1074 2939 1191 2986 amaras

319 3045 355 3100 tc
369 3033 425 3098 Eat
444 3033 550 3096 viduae
571 3031 710 3096 lacrimas
732 3039 834 3094 natum
854 3031 985 3110 lugentia
1007 3033 1195 3112 ademptum:

368 3143 455 3206 Nunc
476 3143 541 3216 scit,
565 3161 654 3223 quarn
675 3159 783 3220 magno
806 3151 924 3204 constet
945 3151 1136 3205 contemnere
1158 3143 1320 3220 Christum,

368 3253 453 3316 llanc
473 3253 590 3316 dulcem
612 3259 751 3333 expertus
772 3253 873 3325 uitam,
895 3260 926 3314 et
946 3252 1095 3315 centraria
1115 3271 1235 3334 passus.

369 3363 487 3444 Quique
510 3363 613 3426 orbem
635 3363 778 3443 sequitur,
801 3362 912 3425 dictum
934 3361 1008 3424 mihi
1026 3362 1088 3443 jam
1110 3370 1188 3435 aule,
1211 3363 1268 3426 suh
1291 3383 1364 3428 arcta

369 3471 428 3546 Qui
449 3491 540 3553 snpra
562 3481 618 3546 est,
640 3490 710 3536 rere
733 3473 893 3534 ennlcssns
914 3472 1004 3534 corda
1027 3472 1132 3534 dolere

317 3591 352 3648 ed
369 3581 507 3644 'lardarit
526 3591 662 3644 mortem.
705 3581 792 3643 Nune
813 3579 871 3643 scit
891 3599 952 3644 nnn
973 3599 1065 3661 possa
1087 3583 1200 3644 moveri

367 3689 517 3754 ludicium
539 3698 701 3765 aeternum,
724 3689 859 3772 quamvis
880 3689 912 3752 in
934 3691 1062 3754 crastina
1084 3693 1159 3753 verti

368 3801 467 3882 Saepe
487 3799 551 3862 illic
570 3800 716 3864 hodierna
737 3809 857 3880 queant,
879 3800 950 3863 dnm
971 3808 1039 3863 vota
1063 3819 1231 3882 precesque

367 3909 433 3974 llue
454 3909 574 3972 veniant
595 3909 713 3987 dignae.
756 3911 875 3991 Quique
897 3910 994 3974 adstat
1014 3911 1168 3991 proximus
1190 3911 1274 3985 alter,

233 4067 242 4078 .
367 4019 478 4084 Codice
501 4035 567 4082 cum
589 4019 698 4096 legun.
721 4027 752 4082 et
773 4020 855 4100 genti
877 4039 911 4082 se
933 4020 1105 4084 adscribere
1127 4039 1253 4094 mentm,

315 4143 350 4200 ee
367 4129 500 4194 Consilio
522 4128 667 4192 suadente
687 4127 768 4191 benc
790 4129 870 4211 qncd
893 4131 986 4193 cessit
1006 4149 1116 4204 amare,

365 4239 503 4304 Decrevit
523 4239 638 4320 Graiae,
660 4239 778 4302 Pastori
800 4240 908 4304 cedere
929 4249 1040 4304 certus.

365 4347 451 4414 Nunc
471 4349 571 4424 discit,
594 4367 696 4430 quare,
719 4349 862 4431 quidquid
885 4349 1043 4414 deducimr
1063 4367 1159 4431 aeque
