3144 5164
311 409 374 470 m
758 409 987 459 mmm
1494 363 1498 623 Ι

312 638 361 691 11⁰
378 627 431 688 Sio
451 635 492 700 ut,
517 645 592 707 quae
615 643 775 699 emersere,
799 626 941 707 probem
963 628 1017 690 sed
1040 647 1179 710 promere
1201 639 1330 711 oportet,

378 735 462 808 Quae
484 735 631 798 eredendo
652 745 749 816 putas,
773 744 861 816 atque
882 737 961 799 unde
975 737 1037 800 -tibi
1060 738 1146 802 obvia
1168 742 1251 802 venit

375 845 435 906 lsta
458 844 542 906 tides.
564 877 606 890 -
627 845 716 908 Pater
737 845 823 918 alme,
846 865 864 908 o
886 865 981 919 mens,
1003 847 1052 910 oui
1074 867 1198 912 eernere
1219 851 1265 912 las
1286 857 1344 925 eet,

377 955 460 1028 Quae
477 954 540 1035 jam
563 953 734 1018 credideras
756 953 810 1026 sio,
833 963 867 1016 ut
887 955 996 1018 risisse
1018 958 1133 1030 teraris,

378 1064 436 1138 Qui
458 1063 586 1144 pedibus
607 1063 715 1126 melior
736 1064 909 1144 properavit
930 1064 1014 1128 adire
1037 1067 1249 1148 sepulebmm3

311 1187 360 1242 ιιι
377 1173 417 1234 bli
438 1172 552 1234 elarare
570 1172 660 1254 jubes
682 1173 762 1246 lidei,
785 1193 861 1253 quae
884 1174 995 1238 credite
1018 1189 1156 1257 prompte
1178 1189 1233 1248 est,

376 1283 432 1346 llio
453 1284 579 1345 lormam
602 1301 638 1344 ao
658 1281 771 1363 pariter
790 1301 939 1356 caussam,
961 1303 1020 1365 qua
1042 1287 1187 1350 insederit
1208 1291 1264 1350 ista

375 1393 411 1454 lu
433 1411 481 1454 me
504 1391 681 1465 credulitas,
703 1401 734 1454 et
754 1393 938 1472 respondere
961 1407 1095 1475 paratum

303 1533 307 1542 =
376 1496 523 1573 invenies,
547 1501 618 1564 dixi.
661 1501 732 1564 ldibi
754 1503 887 1564 ereditur
908 1504 1025 1578 uniens,
1047 1525 1125 1568 unns

376 1614 582 1692 internusque
603 1609 693 1683 Deus,
716 1610 766 1690 qui
789 1619 883 1673 totum
905 1613 985 1676 baud
1006 1623 1107 1678 motus
1129 1615 1279 1698 olympum

312 1739 360 1792 lan
375 1725 445 1802 lpse
466 1729 566 1784 moret
587 1719 739 1782 desiderio
760 1721 929 1784 flammante
951 1731 982 1784 et
1003 1743 1115 1787 amore.

375 1833 438 1895 Neo
459 1831 555 1893 solum
578 1831 678 1892 lesere
700 1830 798 1904 fidem,
821 1831 956 1913 subjecta
979 1833 1059 1897 fideli

377 1943 460 2016 Quae
482 1939 554 2001 mihi
577 1948 647 2003 sunt
668 1939 766 2014 oculo,
789 1941 835 2004 rel
857 1961 934 2022 quae
954 1952 1083 2006 scrutata
1105 1945 1288 2025 protundum

375 2051 459 2114 ldens
481 2050 610 2112 bumana
632 2049 733 2122 refert,
756 2051 811 2112 sed
831 2052 893 2113 veri
915 2052 1033 2115 lucidus
1055 2054 1158 2128 imber,

377 2161 435 2235 Qui
457 2160 534 2240 pluit
554 2159 625 2221 bino
645 2159 736 2238 large,
758 2160 841 2222 Mose
863 2161 1015 2236 tumente,
1037 2163 1257 2245 Prophetisqne

311 2284 359 2338 125
375 2272 413 2334 Et
433 2265 569 2342 Psalmis,
592 2269 753 2348 Evangelio
775 2269 921 2351 turbaque
940 2271 1087 2351 probante

374 2382 550 2444 llestrorum
572 2383 653 2456 (nam
673 2398 727 2441 vos
749 2378 832 2442 illum
856 2380 1023 2460 scripsistis
1046 2383 1085 2444 ob
1107 2383 1214 2462 ignem

377 2491 435 2565 Qui
457 2509 510 2552 vos
532 2487 660 2553 insemit
679 2489 782 2567 llinis),
806 2497 965 2571 certusque
988 2491 1074 2554 lateri

375 2602 448 2663 Sum
470 2609 532 2662 tres
553 2617 698 2681 personas
720 2607 866 2674 seminas,
888 2619 1016 2680 esseque
1039 2619 1141 2664 eornm

375 2711 427 2772 Sin
447 2729 538 2773 unum
561 2709 739 2788 trinumque,
761 2716 795 2771 ut
816 2717 898 2772 eles
919 2710 1057 2790 patiatur,
1078 2721 1109 2774 et
1129 2719 1201 2777 estis

309 2827 358 2880 1³⁰
375 2819 575 2902 conjunctim.
617 2819 726 2880 Vemm
747 2819 806 2880 alta
827 2820 891 2892 liei,
915 2839 1002 2901 quam
1024 2821 1071 2884 sio
1091 2822 1182 2884 modo
1203 2831 1305 2902 tango,

375 2929 513 2992 Conditio
536 2927 609 2990 mihi
632 2927 731 2990 inusta
751 2936 861 3002 manet,
883 2939 1043 2994 rsuorarne
1065 2929 1194 3010 sigillum

374 3041 472 3120 Saepe
493 3037 663 3117 Evangelio.
707 3037 763 3100 llio
785 3039 853 3100 lons
874 3047 929 3114 est,
953 3050 1001 3101 est
1021 3039 1070 3102 illa
1092 3039 1200 3114 isvilla,

374 3150 457 3223 Quae
478 3149 575 3211 virum
596 3149 732 3212 dammae
753 3166 787 3210 ee
809 3148 917 3213 deinde
939 3149 1066 3211 effundit
1087 3150 1117 3212 in
1138 3149 1273 3224 imbrem,

373 3259 420 3330 Et,
444 3259 530 3340 quale
553 3257 584 3320 iu
606 3257 691 3320 eoelo
713 3257 807 3332 sidus,
830 3259 903 3321 mibi
925 3258 1037 3322 lumine
1059 3259 1206 3340 splendet

309 3377 357 3432 1³5
416 3368 502 3432 Sicut
521 3368 621 3440 herus,
640 3367 771 3448 jucundo
794 3368 852 3430 sibi
875 3369 900 3430 si
924 3387 1000 3448 quae
1021 3367 1133 3449 aenipit
1153 3389 1234 3442 sure,

373 3480 447 3543 llein
469 3479 546 3540 servi
568 3479 645 3559 petit
665 3478 820 3558 ampiexus
841 3485 972 3557 gratatm
994 3477 1033 3540 ob
1054 3479 1116 3553 illa,

374 3589 457 3662 Quae
479 3588 537 3650 sibi
559 3589 637 3652 laeta
658 3587 734 3660 tulit,
757 3587 844 3651 simul
867 3589 948 3650 buno
967 3588 1047 3652 ridet
1069 3609 1122 3651 ore
1144 3597 1312 3654 mantem:

373 3699 424 3760 Sis
445 3697 524 3760 bona
544 3698 633 3761 verba
655 3696 730 3760 mibi
752 3697 826 3760 dixit
845 3697 903 3760 sub
924 3697 1045 3761 nomine
1066 3698 1144 3760 trino

373 3807 527 3871 Canmndo
549 3826 584 3870 no
606 3815 720 3870 terme
743 3808 843 3880 cinxit,
866 3807 1045 3888 simulatque
1067 3807 1176 3889 quievi,

308 3927 356 3980 tto
373 3918 487 3980 Lumen
509 3916 723 3998 Apostolieum,
746 3917 826 3998 quod
848 3917 1031 3999 respondere
1049 3917 1191 3999 jubebam

372 4028 423 4092 Sir
445 4027 584 4108 placuere
605 4025 659 4100 illi,
681 4045 757 4106 quae
779 4045 845 4090 sum
865 4028 954 4092 verbs
977 4047 1030 4092 ore
1050 4027 1178 4090 lomus.
