3144 5164
392 347 875 370 Μ’*-

310 357 389 474 nn}
765 409 898 462 rtmnrst
916 410 986 460 surr.

327 641 360 695 25
378 629 537 694 Audentis:
559 629 668 710 refugit
689 629 765 692 titos
788 628 915 691 transire
936 626 1062 708 pudoris

377 741 468 802 Fines
491 741 626 819 urgendo
649 740 756 814 nimis3
778 748 809 802 at
830 757 907 819 quae
928 738 1064 811 maxima,
1088 755 1223 816 quaeque

379 851 439 911 Has
462 850 541 912 inter
562 849 670 912 baccas
693 848 874 912 nitidissima
896 847 963 910 lune
984 847 1123 920 missiset,

377 959 502 1033 Prndiit,
525 959 591 1040 ipsa
613 960 684 1022 satis
706 977 762 1038 per
783 977 816 1022 se
838 959 952 1020 iaetura
973 957 1106 1020 studenti

377 1069 515 1144 Discere3
538 1079 569 1132 et
589 1089 625 1132 ex
647 1069 712 1131 airu
735 1067 862 1131 interior
882 1085 938 1128 rex
958 1083 1098 1146 promere
1118 1065 1209 1128 rerba

327 1184 361 1236 tt
378 1179 458 1240 ilaec
480 1180 578 1242 audita
600 1179 670 1241 tuit:
692 1179 726 1240 Si
748 1187 828 1240 esset
851 1177 905 1238 tihi
927 1194 1051 1238 eernere
1072 1193 1214 1248 amorem,

379 1289 417 1350 Ut
437 1287 521 1363 mihi,
545 1288 596 1369 qui
617 1288 667 1350 irie
689 1277 783 1359 ardet,
806 1286 928 1350 timidus
950 1303 1026 1366 quae
1048 1285 1164 1348 discere
1186 1303 1316 1358 mussas
1497 1214 1502 1401 Ι

378 1397 602 1478 Prompsisses3
624 1406 656 1460 at
676 1416 724 1470 ne,
746 1397 818 1460 dum
839 1403 1005 1478 exspectas,
1027 1393 1140 1458 tardius
1163 1395 1254 1458 situm

378 1508 421 1568 td
444 1507 533 1570 tinem
554 1507 667 1581 venias,
689 1525 818 1589 propere
840 1523 987 1585 responsa
1007 1503 1165 1577 remitum,
1497 1440 1500 1635 ἱ

378 1616 422 1677 td
446 1635 520 1696 quae
543 1625 573 1678 tu
596 1623 676 1680 nutu
699 1617 753 1679 teri
776 1615 938 1696 prohibere
959 1613 1079 1676 rubore.

328 1737 361 1790 ³5
420 1725 516 1798 dions,
538 1725 590 1788 ubi
612 1725 756 1789 eassinus
778 1725 846 1789 dire
869 1742 961 1805 super
980 1723 1101 1795 insidet,
1123 1722 1195 1786 elini
1496 1666 1500 1827 Ι

379 1835 473 1896 Gente
495 1835 551 1897 init
572 1835 701 1898 celebris
722 1834 823 1908 multa,
846 1853 923 1915 quae
943 1832 1062 1896 eulmen
1084 1831 1194 1906 adibat,

380 1943 447 2017 Qun
469 1945 565 2006 maius
586 1945 664 2008 irene
686 1963 772 2008 error
791 1963 879 2008 mens
901 1953 931 2006 et
951 1961 1092 2024 perverse
1114 1942 1261 2006 trahebat.

379 2054 469 2134 isque
491 2071 547 2133 ego
569 2071 645 2128 sum,
668 2055 783 2134 primus
805 2053 856 2134 qui
878 2071 988 2116 nomen
1011 2055 1090 2115 terre
1112 2051 1168 2116 sub
1190 2071 1279 2116 auras

378 2163 434 2224 Hie
456 2163 556 2226 studui
576 2163 667 2236 itlius,
690 2166 740 2244 qui
761 2165 851 2227 terris
871 2181 940 2226 vera
961 2162 1093 2236 reeinsit,

328 2280 362 2332 tu
379 2271 437 2333 Per
458 2292 535 2354 quae
555 2275 698 2336 mortales
720 2275 796 2338 aden
819 2273 962 2336 tolluntur
983 2273 1013 2334 in
1037 2273 1140 2334 attunt.

378 2382 475 2462 Atque
495 2382 546 2443 hie
567 2391 649 2446 unta
670 2383 745 2446 meis
767 2380 924 2462 respoudit
944 2381 1037 2460 gratia
1058 2382 1144 2454 vous,

378 2491 416 2553 Ut
437 2491 510 2554 mihi
531 2510 600 2554 mox
622 2491 738 2556 dederit
760 2493 839 2556 uultu
860 2491 1010 2556 deducere
1031 2491 1146 2572 iniquo,

380 2602 437 2674 Qui
460 2603 602 2666 mundum
624 2602 725 2676 ittexit
745 2602 861 2666 vieinos
882 2600 1014 2681 undique
1035 2617 1141 2682 pagos.

378 2710 567 2773 Praestantes
589 2713 713 2786 animae,
736 2729 810 2790 quas
832 2711 1044 2791 oonnmptatto
1066 2710 1103 2773 sd
1125 2719 1204 2772 astra

328 2831 361 2884 tt
378 2819 470 2892 Venit,
493 2827 563 2880 sunt
585 2821 669 2898 ignes
689 2820 750 2891 atii,
772 2839 848 2901 quies
870 2820 920 2883 iile
941 2821 1074 2901 perussit

377 2931 495 3001 Aestus,
519 2928 569 3009 qui
592 2929 683 2991 dures
705 2947 739 2991 ae
761 2939 882 2992 sanetus
904 2931 993 2994 edere
1015 2931 1130 2993 tructus

378 3039 413 3101 ln
435 3038 524 3100 terris
544 3037 631 3101 solet.
675 3039 731 3102 tlte
751 3039 928 3113 Miceinws,
951 3041 1002 3102 hie
1022 3040 1213 3112 Runnsunus,

378 3147 435 3210 Hie
456 3148 566 3212 adsunt
586 3149 703 3224 iratres,
726 3148 777 3229 qui
799 3167 936 3227 gressum
957 3149 988 3212 in
1011 3150 1140 3212 eleustra
1163 3149 1257 3211 tutore

377 3258 564 3326 Constantes.
587 3265 618 3318 ut
638 3275 705 3336 ege.
725 3289 769 3304 -
791 3259 882 3320 Tum:
905 3259 963 3332 Qui
985 3259 1040 3324 tibi
1060 3257 1139 3330 talia,
1162 3257 1232 3330 dixi,

327 3383 361 3436 en
377 3369 462 3430 Fanti
484 3367 583 3430 etueet
603 3385 695 3440 amur,
718 3367 806 3430 simui
826 3375 857 3430 et
876 3367 1047 3447 praesentia
1068 3367 1176 3441 euntis,

377 3477 472 3550 Onam
493 3477 579 3540 rideo
601 3489 691 3557 etque
712 3487 785 3540 nutu
806 3477 994 3540 manifestam
1015 3477 1047 3540 in
1069 3477 1203 3559 quotibet
1224 3478 1304 3556 igne,

377 3586 428 3648 Sie
450 3585 523 3648 mihi
546 3603 599 3650 cnr
619 3587 716 3650 tideus
738 3586 887 3668 expandit,
908 3595 943 3648 ut
963 3588 1051 3666 ignea
1072 3587 1149 3650 sniis

376 3695 474 3756 Virtus
495 3713 586 3776 saepe
607 3715 716 3770 rosam,
738 3715 824 3776 quae,
847 3705 955 3776 quanta
977 3706 1032 3772 est,
1054 3697 1164 3762 erescit
1184 3707 1297 3778 aperta.

378 3803 477 3878 Quare
500 3823 622 3883 quaeso,
644 3813 738 3886 pater,
760 3805 810 3868 die
830 3813 860 3868 et
880 3805 919 3868 da
940 3806 1059 3870 discere
1081 3817 1173 3876 uerte.

327 3919 360 3974 55
378 3913 423 3974 dn
445 3914 592 3992 speranda
614 3913 687 3976 nint
710 3913 751 3976 sit
772 3914 867 3993 gratia
890 3921 969 3979 tauta
991 3917 1136 3996 precanti,

377 4023 417 4086 Ut
436 4023 587 4086 medicum
606 4022 703 4096 detur,
724 4024 826 4102 positu
845 4025 1001 4099 velamine,
1021 4027 1148 4090 tomam

379 4133 419 4195 tti
441 4141 578 4212 spectare
598 4127 702 4193 tuam?
724 4133 809 4196 Tune
830 4135 858 4196 is
880 4133 969 4196 mini:
991 4135 1105 4208 Frater,
1129 4135 1257 4208 abunde,

381 4243 463 4316 Quae
485 4241 529 4304 sie
551 4241 611 4304 elta
633 4240 728 4320 cupis,
748 4244 869 4308 venient
889 4245 1035 4324 potiunda
1054 4255 1177 4326 receptu

376 4349 544 4414 Extremam
566 4351 597 4414 in
619 4351 786 4431 sphaeram,
805 4371 880 4434 quse
902 4361 1019 4418 caetera
1040 4363 1107 4418 ruta
1128 4373 1288 4437 meumque
