3142 5166
87 361 387 373 ,.-—-——--——-.-
691 361 1067 372 u—-m---a---o
1098 365 1249 374 -——---—-
1270 367 1307 376 -..

563 415 742 468 euuslrouu
762 416 802 466 ιιι.
1193 421 1252 484 145

83 660 86 719 «Ι
191 633 265 695 Cura
288 633 343 694 luit
365 633 482 696 comitis
505 634 591 698 latus.
635 635 673 698 Et
694 653 752 714 quo
775 633 897 698 tendere
921 652 1040 700 curstun

82 768 86 879 ν
159 742 253 804 siloe
275 743 341 804 siue
364 739 549 821 quivissem?
572 743 647 818 Quis
669 763 717 807 me
739 763 795 824 per
816 763 884 808 sexa
906 744 1030 822 rigentis

189 850 341 913 Transisset
363 851 472 931 rupis?
493 855 660 916 Percussus
683 861 804 932 pectora
826 871 928 916 morsu
1050 861 1054 869 '

82 954 85 1019 l
188 961 235 1022 lre
257 959 412 1024 ridebatur
432 963 565 1041 proprio.
610 962 635 1023 0
657 981 742 1024 mens
764 961 898 1048 senecia,
921 959 1010 1040 digus

82 1032 84 1079 l
189 1070 342 1148 Partaque,
365 1079 398 1131 ut
418 1072 515 1148 exigui
538 1072 655 1152 specics
678 1071 789 1133 erroris
811 1090 910 1133 umaro

81 1120 84 1277 l
189 1179 231 1240 'le
253 1180 356 1258 pungit
379 1179 516 1242 stimulol
538 1213 579 1226 -
601 1182 769 1260 Postquam
784 1181 870 1259 pedis
893 1180 1020 1259 impetus
1042 1179 1125 1244 illum

144 1293 174 1346 1⁰
189 1288 342 1360 Destituit,
366 1291 502 1368 quemvis
523 1298 640 1367 gestum
661 1295 713 1375 qui
735 1291 852 1352 invertit
874 1290 1041 1360 ltonestuuu

80 1382 84 1483 j
188 1398 271 1460 llens
293 1417 374 1471 mee,
397 1417 472 1478 quae
494 1400 590 1480 primo
614 1399 709 1462 stabat
730 1407 893 1470 contracta,
916 1417 1072 1464 resumens
1302 1349 1306 1510 Ι

80 1510 83 1589 j
187 1506 395 1586 Propositum,
418 1509 558 1589 expandit
579 1528 627 1582 se,
650 1518 684 1570 ut
704 1527 778 1588 quae
802 1507 956 1588 cupiebat,
980 1517 1009 1570 et
1030 1527 1081 1570 ore
1302 1513 1305 1580 l

80 1606 82 1661 l
189 1617 326 1678 Converti
349 1616 385 1678 ad
408 1618 530 1690 clivum,
554 1618 605 1698 qui
628 1637 695 1680 sese
718 1617 842 1680 effundit
865 1626 894 1678 et
914 1617 972 1680 alto
1302 1611 1305 1713 l

80 1719 83 1794 l
187 1726 235 1787 Fit
256 1723 381 1806 propior
403 1728 497 1790 coelo.
520 1761 556 1774 -
584 1727 663 1790 Solis
685 1736 755 1807 post
775 1735 858 1803 terga
880 1725 1014 1790 rubentis
1303 1716 1306 1775 l

143 1844 172 1896 15
189 1835 335 1909 Flamma,
358 1855 425 1900 meo
448 1821 575 1900 densum
598 1838 753 1899 offendens
776 1837 806 1898 in
829 1851 955 1914 corpore
978 1835 1113 1906 fulcrum,
1303 1832 1306 1865 ¹
1406 1909 1408 1916 Ι

187 1945 292 2007 Fracte
313 1964 409 2008 meem
432 1946 527 2009 tuerat
548 1945 719 2008 describere
741 1944 802 2006 risa
824 1945 947 2022 figurem
1302 1940 1306 2052 Ι

78 2122 82 2148 1
187 2054 263 2116 Ante
285 2054 389 2134 pedes.
433 2056 497 2131 sgo
520 2065 581 2117 tum
602 2061 754 2126 meteretis,
777 2073 814 2116 ne
836 2054 989 2132 linqueret
1010 2054 1071 2115 illic

79 2176 82 2196 ¹
188 2161 293 2234 Solus,
316 2183 364 2226 me
388 2165 475 2236 verti;
497 2165 549 2226 sed
573 2173 634 2228 tum
656 2162 729 2226 mihi
753 2179 875 2225 cernere
898 2172 1005 2226 terrun

188 2271 318 2350 Contigit
339 2273 497 2336 obscurum
520 2281 704 2336 autemeam
727 2272 929 2334 tautummodo
953 2272 1087 2332 lennem.

78 2428 81 2453 ,
139 2390 172 2440 ω
231 2387 268 2442 st
289 2382 379 2454 mibi,
402 2383 454 2462 qui
475 2382 607 2444 solamen
629 2391 709 2454 eret,
732 2382 776 2444 sic
798 2401 850 2443 ore
872 2382 1005 2460 profatur

188 2490 284 2552 Totus
306 2491 335 2552 in
357 2509 535 2554 occursum:
559 2491 641 2564 Quae
664 2492 827 2554 diffidentie
849 2499 977 2554 mentem

191 2597 301 2679 Cepit?
322 2601 368 2661 lle
391 2611 489 2664 tecum
512 2620 594 2675 esse,
618 2610 646 2662 ct
669 2619 716 2662 me
740 2610 767 2662 te
791 2601 899 2662 ducere
921 2597 1048 2661 nescis?
1300 2667 1303 2704 Ι

76 2730 79 2785 ς
188 2709 340 2789 Hesperus
364 2720 423 2782 est,
447 2711 496 2773 ubi
518 2710 651 2774 menibra
670 2710 787 2790 jacent,
810 2709 894 2788 queis
917 2709 1036 2772 clausus
1058 2723 1180 2786 opacam

75 2874 78 2890 ,
187 2819 405 2882 Protendebsm
426 2819 570 2884 umbram.
612 2819 693 2882 llaec
715 2816 832 2881 Calabri
854 2836 993 2898 rapuere,
1017 2827 1094 2884 tenet
1118 2835 1195 2880 stunc

139 2942 171 2994 25
187 2928 390 3008 Parthenope3
414 2930 492 3009 quod
516 2930 542 2990 si
563 2947 634 3008 prae
656 2947 704 2991 me
726 2928 803 2990 haud
827 2928 989 2990 ellunditur
1009 2927 1122 2999 umbre,

187 3037 229 3098 lle
251 3038 359 3100 mirere
381 3040 491 3117 magis,
515 3057 602 3118 quem
626 3054 692 3100 cum
715 3055 774 3099 nnn
798 3037 907 3116 excipit
927 3037 1026 3113 ignem

74 3152 77 3199 ἵ
186 3146 316 3209 Alterius
338 3147 428 3210 radiis
451 3148 590 3210 coelestis
613 3146 737 3227 quilibet
759 3145 852 3209 orbis

74 3242 77 3315 Ξ
186 3256 266 3318 llaec
287 3266 368 3336 parat
391 3265 458 3336 epte
479 3258 540 3335 peti
564 3257 725 3318 cruciatum
748 3266 920 3334 eestmnquc
942 3254 1069 3334 geluque

73 3338 76 3351 ¹
186 3365 334 3444 Corpora,
358 3384 434 3445 quse
454 3366 548 3430 virtus
571 3366 658 3428 nobis
681 3345 796 3445 aperire
819 3372 936 3426 recusat

74 3478 76 3499 ¹
137 3479 169 3531 ³⁰
186 3474 273 3547 Quod
296 3473 376 3536 lacit
420 3475 549 3546 insanit,
572 3475 622 3554 qui
646 3494 699 3554 spe
722 3473 779 3536 sibi
802 3474 930 3554 spondet
951 3471 1029 3534 inani

73 3564 76 3622 l
185 3583 362 3646 lmmensem
385 3603 418 3646 se
439 3603 530 3664 posse
552 3585 628 3648 viam
649 3601 825 3662 percurrere
847 3591 954 3652 mente,
1296 3619 1300 3720 Ι

72 3670 75 3769 f
186 3693 280 3766 Quam
303 3701 385 3755 tenet
406 3713 463 3757 una
484 3694 537 3756 bei
562 3703 681 3761 natura,
705 3693 871 3773 triplexque
894 3701 1025 3771 potestas
1296 3723 1299 3749 ι

184 3801 277 3864 Unius
300 3813 330 3864 et
351 3803 431 3866 trini.
474 3803 579 3864 Proles
602 3803 743 3872 bumana,
767 3802 870 3864 doceri

71 3928 73 3948 ·
184 3911 249 3972 Non
272 3912 349 3976 ultra
371 3913 446 3976 fines
469 3921 621 3984 contenta,
644 3911 754 3974 absiste
776 3909 899 3974 moveri.

133 4035 169 4088 ab
185 4020 258 4084 llam
279 4021 306 4084 si
327 4021 355 4082 vi
379 4023 498 4101 proprie
521 4020 671 4101 potuisses
694 4021 809 4082 discere
832 4028 945 4092 cuncta,

184 4129 314 4208 Virginis
337 4131 460 4194 intactae
483 4131 561 4192 beuti
585 4131 736 4209 eguissent
758 4139 892 4208 tempora
914 4137 1014 4207 partu:

71 4250 73 4263 ·
182 4239 220 4301 Et
241 4238 392 4304 desiderio
413 4240 523 4304 multos
545 4239 709 4318 pallescere
730 4259 805 4302 rano

183 4347 322 4422 Vidistis,
347 4349 431 4428 queis
453 4350 540 4429 plena
564 4350 648 4428 quies
671 4366 816 4412 concessa
837 4347 951 4410 luisset

951 4446 1300 4556 mea-s

152 4553 225 4560 -ηυ
234 4551 449 4560 *au--n-a-——u
459 4553 556 4560 ...ω-ι,-
566 4551 696 4560 ...η-...ηι-
