3224 5166
464 349 1489 369 uno-—a-m--a-*a———n-——u—-u—--q-t———n——ff

812 406 991 458 PURGATORU
1010 406 1047 455 tt.

427 627 527 707 Usque
549 635 627 688 artes
650 625 748 705 poscit
769 624 889 686 solertis
912 611 1049 685 acumine
1071 623 1192 694 mentis,

428 737 466 798 Et
486 736 598 798 fumum
621 742 652 796 et
671 743 791 796 rentum
814 733 944 809 ingentu
966 732 1073 793 virtute
1095 741 1219 811 repente

428 845 527 907 Movit.
550 843 668 905 -Ubi
691 853 737 906 est
759 843 903 906 exstiucta
925 841 1007 913 dies,
1031 839 1157 916 caligine
1178 839 1286 903 veliem

237 981 242 992 ¹
363 957 451 1016 leod
473 953 560 1016 Prato
583 953 688 1031 itaquo
711 953 741 1013 in
764 951 880 1014 coeium
893 949 1029 1012 sublime
1051 950 1192 1012 minantis

427 1065 536 1125 Montis
558 1062 595 1122 ad
619 1081 713 1140 usque
731 1061 837 1139 jugum
858 1061 938 1121 terit
983 1059 1057 1120 iiein
1079 1058 1210 1138 desuper
1231 1061 1363 1122 aethram

427 1172 606 1243 Admonuit,
630 1172 787 1248 tociusque
810 1169 841 1230 iu
864 1187 971 1250 aquam
993 1168 1165 1231 dissolvitur
1186 1175 1246 1230 rer.

410 1275 413 1288 ’
469 1280 668 1358 Praecipitant
689 1278 816 1352 imbres,
841 1287 869 1340 et
892 1297 968 1358 quos
985 1276 1046 1358 jorn
1068 1286 1148 1339 terra
1169 1277 1312 1360 nequibat

429 1391 587 1468 Accipere,
610 1389 640 1450 in
663 1391 762 1451 tusses
785 1389 852 1450 ttdit
873 1389 1014 1467 impetus,
1037 1394 1128 1466 utque
1151 1388 1270 1450 dnentis

364 1510 412 1562 125
429 1501 494 1561 iios
516 1497 595 1560 solet
615 1515 684 1559 esse
706 1497 831 1576 emptis,
852 1498 949 1560 undae
969 1505 1085 1559 traxere
1107 1496 1222 1558 ruinam

430 1608 503 1670 Tam
525 1607 628 1686 rapide
651 1607 815 1670 indumen
837 1607 951 1684 regule,
974 1614 1008 1668 ut
1029 1605 1108 1668 uuita
1129 1605 1241 1695 valeret

430 1717 480 1778 Vis
503 1715 662 1796 probibere
677 1715 804 1780 molum.
847 1716 911 1778 dieo
932 1716 1043 1792 frigore
1065 1713 1197 1778 memore
1218 1714 1315 1778 soluta

429 1825 567 1888 [edomiti
589 1824 727 1887 Archioni
748 1825 832 1888 turer
851 1825 947 1887 aufert
968 1823 1123 1903 improbus
1145 1822 1237 1902 inque

429 1939 541 1999 Arnum
563 1933 707 2014 conjecit,
730 1932 876 2012 solvitque
897 1953 915 1996 a
935 1941 1057 2012 pectore
1079 1949 1193 2006 nomm,

367 2061 414 2114 teo
432 2045 527 2120 Quem
548 2045 653 2112 iecere,
669 2059 789 2106 crucem
809 2043 884 2105 mihi
905 2041 1041 2116 brachia,
1065 2059 1133 2104 curn
1153 2041 1240 2104 dolor
1262 2043 1365 2120 ingene

430 2155 477 2217 die
498 2154 568 2215 vicit
588 2151 747 2223 domitum,
769 2161 799 2213 et
819 2170 874 2231 per
895 2151 975 2230 ripas
997 2150 1086 2214 volvit
1108 2160 1139 2214 et
1158 2152 1252 2214 imum

431 2265 490 2326 Per
511 2262 651 2335 iundmm
672 2261 779 2324 deiude
801 2261 866 2340 ipse
887 2279 942 2322 sur
965 2261 1094 2322 ciocum
1116 2269 1205 2341 etque
1226 2263 1383 2326 reducum

432 2373 565 2435 Advolrit
586 2371 704 2452 praeda.
749 2370 774 2431 0
796 2370 906 2448 patrias
929 2386 998 2432 cum
1018 2387 1124 2432 rursus
1145 2371 1228 2434 edire

432 2483 488 2546 Fas
510 2482 563 2544 tihi
586 2481 642 2544 erit
663 2488 775 2552 terres,
796 2478 973 2558 dabiturque
996 2479 1152 2558 quiescere
1173 2480 1263 2558 longo

367 2595 456 2660 lusit
478 2609 567 2652 cursu
589 2598 677 2669 atque
698 2587 801 2652 labore
821 2589 885 2652 viee
907 2573 964 2663 (sic
985 2589 1044 2650 ieta
1065 2589 1228 2652 secundem

433 2699 531 2762 Tertia
553 2707 625 2778 pust
645 2698 773 2760 enimam
794 2701 870 2774 est),
893 2697 972 2760 haud
994 2695 1174 2760 obliviscere
1193 2698 1307 2762 nostri!

434 2810 506 2871 Sum
527 2808 596 2879 Pri,
619 2807 791 2883 megenuit
812 2807 889 2870 Sena
912 2808 1101 2887 confecitque
1121 2807 1290 2882 dosunt,

434 2918 555 2997 Scitque
575 2916 650 2979 iueec
669 2915 735 2988 iiie,
757 2916 842 2994 prius
862 2917 935 2978 mihi
957 2917 1009 2998 qui
1030 2917 1153 2980 donaret
1174 2915 1286 2980 habere

433 3024 604 3098 Aurelium,
626 3025 799 3105 sociamque
820 3025 878 3088 teri
899 3043 1081 3106 uxoremque
1101 3035 1230 3090 voearet.

936 3283 991 3370 tt.

476 3462 593 3526 Ludere
615 3461 666 3523 ubi
688 3461 754 3524 tuiis
777 3470 926 3526 cessatum
946 3469 1008 3536 est,
1029 3463 1122 3526 corde
1143 3463 1254 3528 doieuti

435 3574 499 3638 Stat
519 3573 613 3634 victus
636 3571 802 3650 repetitque
822 3572 917 3646 vices,
941 3591 975 3636 ec
996 3573 1124 3653 denique
1147 3573 1243 3637 triotis

435 3681 538 3744 Discit.
584 3680 730 3742 Victorem
752 3681 887 3761 sequitur
907 3699 981 3761 gens
1004 3691 1079 3756 teto,
1102 3684 1256 3764 praeitque

436 3791 534 3860 Unus.
556 3807 683 3868 eumque
705 3789 779 3854 aiter
800 3791 920 3869 prendit
939 3799 1010 3871 post
1029 3801 1157 3872 tergm,-
1170 3795 1194 3855 it
1214 3793 1288 3855 atter

403 3899 480 3962 odd
501 3898 579 3961 lauis
600 3905 688 3979 atque
705 3899 793 3980 jubet
813 3901 995 3964 meminisse.
1038 3901 1123 3964 Haud
1145 3902 1196 3964 iiie
1218 3902 1341 3966 remittit

437 4009 496 4082 ire,
520 4015 548 4070 at
570 4026 649 4070 nuno
670 4025 758 4070 aures
779 4010 845 4083 isti,
867 4029 947 4074 nuuc
968 4011 1104 4074 admovet
1125 4010 1177 4084 tui,

437 4117 549 4197 Cuique
571 4135 690 4180 menum
712 4119 824 4197 porgit,
847 4138 934 4182 mens
954 4121 1122 4199 impurum
1143 4121 1257 4184 recedit
1503 4144 1505 4205 y

436 4227 567 4290 instandi
588 4227 731 4300 ulterius;
752 4237 883 4292 removet
904 4228 950 4292 sic
970 4229 1038 4310 ipre
1058 4239 1234 4311 sequentem

311 4359 315 4368 ·
437 4335 576 4398 Turbam.
620 4335 796 4403 Nou-eccos
817 4337 877 4400 hoc
896 4337 1035 4404 versabor
1056 4338 1089 4400 iu
1109 4340 1227 4418 agmine
1247 4339 1339 4419 vulgi,

939 4514 1505 4550 Μ
