3116 5162
580 405 752 458 rumetum.

183 594 236 658 Vix
257 591 379 656 umbras
401 589 482 654 sensi
498 589 631 652 infensos
653 589 708 653 hes
729 597 827 652 mente
849 591 1016 672 animoque,

125 707 168 758 tto
266 693 380 756 Demisi
401 690 523 764 vultum,
546 705 575 752 et
599 699 657 752 tem
678 691 769 768 longo
792 697 925 772 tempore
946 693 1053 772 pressi,

267 795 305 858 Ut
325 801 408 856 retes
428 791 502 854 milri
524 791 648 854 dixerit:
671 791 778 871 ecquid
800 801 899 854 mente
920 789 1061 856 volutes?

185 898 341 976 Quumque
363 913 418 973 ego
440 893 599 973 respondi:
622 893 662 954 oh
684 891 836 966 miserum,
859 901 922 954 tum
943 894 1043 956 dicere
1066 895 1161 974 coepi,

266 996 327 1060 lle!
352 1013 440 1078 quom
461 995 639 1076 praedulces
660 1012 766 1056 sensus
789 991 820 1056 et
838 1004 948 1074 quante
970 995 1079 1076 cupido

265 1099 310 1162 td
331 1098 424 1160 letum
444 1097 502 1158 hos
523 1096 628 1159 umbos
650 1095 761 1158 misere
782 1096 919 1175 perduxit
939 1096 1094 1159 acerbuml

126 1219 167 1269 115
184 1199 296 1264 Deinde
317 1199 354 1261 od
377 1217 430 1261 eos
452 1215 500 1260 me
522 1196 665 1270 converti,
688 1206 718 1258 et
738 1214 804 1259 sum
826 1196 896 1258 tolia
918 1198 1004 1270 letus,
1046 1237 1051 1244 -

264 1300 430 1381 Incipiens:
451 1298 611 1362 Francisce
631 1298 695 1370 tibi,
719 1298 798 1378 quod
820 1299 880 1362 latu
901 1298 1046 1360 dederunt

264 1401 444 1482 Martyrium,
466 1419 514 1462 me
537 1401 637 1462 auimo
658 1400 774 1462 tristem
796 1400 867 1462 lecit
888 1399 972 1476 esse,
988 1400 1130 1482 piumque
1240 1457 1242 1462 ,

183 1505 218 1566 llt
237 1504 413 1584 locrpmem:
437 1511 467 1564 st
488 1519 619 1564 memore
644 1501 705 1581 qui,
728 1500 807 1564 dulci
828 1508 924 1564 aetate
947 1501 1079 1564 colorum

264 1605 319 1666 Est
340 1604 377 1666 ab
399 1623 501 1666 amore
523 1603 624 1664 dotum
645 1602 740 1676 robis,
762 1601 905 1682 potuistis
927 1609 958 1664 ut
980 1602 1067 1664 umbo

125 1721 165 1772 12⁰
265 1706 441 1786 Concipere,
461 1713 491 1768 et
512 1703 620 1767 dubios
641 1703 731 1766 enimi
754 1721 936 1782 cognoscere
958 1722 1076 1766 sensus.

181 1808 259 1871 llixit
280 1817 311 1869 et
332 1806 383 1870 ille
403 1806 493 1870 milri:
516 1805 603 1867 dolor
624 1804 703 1868 hond
726 1804 876 1866 crudelior
895 1804 983 1878 ullus,

264 1909 360 1983 Quem
383 1908 453 1970 lelix
474 1907 584 1970 misera
605 1907 635 1968 in
659 1925 691 1968 re
712 1915 811 1967 mente
832 1905 983 1968 revolvere
1004 1914 1139 1987 tempus;

263 2010 357 2090 ldque
379 2017 447 2072 tuus
470 2016 555 2090 putat
577 2016 607 2070 ct
626 2007 746 2080 Doctor,
770 2005 821 2086 qui
843 2007 912 2069 talia
934 2008 1024 2070 norit„

181 2112 266 2187 Quod
290 2111 316 2172 si
339 2111 437 2173 animo
461 2110 541 2172 sedit
560 2109 706 2172 noscendi
727 2115 807 2168 tenta
826 2108 934 2188 cupido

123 2222 163 2272 125
261 2211 449 2292 Principium
472 2211 578 2284 nostri,
602 2219 632 2271 et
641 2210 781 2290 ,primum
804 2208 890 2288 quasi
912 2209 1045 2270 fomitem
1068 2210 1188 2283 auroris,

263 2314 297 2376 ld
320 2313 436 2388 fecium,
460 2313 540 2392 qnod
563 2313 613 2394 qui
633 2312 784 2391 lacrymat,
807 2309 879 2371 dum·
897 2309 986 2372 rerba
1009 2311 1152 2390 proletur.

179 2417 340 2478 llistoriom
362 2413 538 2478 Leucellotti
560 2413 716 2474 solaminis
739 2427 809 2488 ergo

261 2518 353 2580 Forte
374 2515 556 2593 legebamus,
579 2514 636 2576 luit
657 2513 707 2574 ille
728 2519 762 2576 ut
782 2519 887 2592 ceptus
909 2529 1019 2584 amore,

261 2617 357 2680 Ambo
380 2615 440 2680 ullo
463 2617 528 2678 sino
550 2623 635 2688 teste,
659 2621 688 2676 et
710 2613 881 2694 suspicione
902 2611 968 2693 sine
991 2611 1059 2674 ulla.

125 2729 165 2778 tto
181 2721 281 2784 Lectio
303 2737 394 2800 saepe
416 2717 520 2782 oculos
541 2735 597 2797 per
618 2723 718 2778 mutus
741 2715 884 2796 compulit
906 2713 956 2776 illa

261 2822 400 2894 Nostros,
420 2825 452 2880 et
473 2817 560 2880 tinnit
579 2815 677 2880 vultus
699 2816 828 2897 pallente
850 2815 967 2890 colore;

261 2919 422 3001 Temporis
443 2928 473 2984 ot
493 2927 676 2982 momentum
697 2935 789 2980 unum
810 2935 866 2980 nos
889 2915 959 2978 vicit
979 2924 1129 2996 utresque.

180 3026 216 3086 tr
235 3023 325 3086 simul
347 3030 481 3104 optatum
502 3022 595 3083 risum
617 3018 798 3100 perlegimus
820 3037 888 3080 esso

262 3128 392 3192 Atonto
415 3131 570 3204 exceptum
591 3137 646 3202 per
667 3120 766 3182 suevis
787 3119 869 3182 basis
892 3119 1012 3190 ementi,

125 3237 164 3288 135
262 3227 334 3300 lete,
356 3245 374 3290 o
396 3245 456 3306 quo
478 3243 538 3286 non
560 3223 601 3286 sit
621 3240 688 3284 sors
709 3230 742 3283 ut
763 3239 811 3284 me
833 3220 944 3282 diridet
964 3219 1033 3292 ulle,

175 3327 375 3408 0scu1umin
397 3343 450 3388 ore
470 3325 544 3388 mihi
567 3322 721 3405 impressit
741 3321 936 3404 cupidusque,
959 3329 1165 3402 tremensque.

260 3429 337 3492 llere
359 3428 428 3492 leno
452 3427 507 3490 luit
527 3425 613 3500 liber,
636 3423 739 3505 etqui
761 3422 883 3504 scripsit
904 3423 1046 3486 eundem:

262 3529 317 3592 lllo
339 3529 415 3594 lecte
437 3527 487 3592 die
509 3527 589 3590 nulls
611 3525 703 3588 altere
723 3525 832 3606 pagiua
854 3523 952 3587 nobis.

179 3631 259 3696 llaec
280 3632 351 3694 dnm
372 3630 451 3694 dicto
471 3629 560 3692 dubet
579 3621 755 3690 Franciscue'
777 3626 900 3707 spiritus
923 3625 1004 3700 alter,

121 3751 163 3801 ltu
260 3732 344 3796 Alter
361 3731 482 3811 lugebat
501 3729 596 3804 Pauli,
618 3737 651 3792 ut
670 3728 780 3809 pietete
801 3727 931 3806 benigna

261 3833 435 3906 lleficerem,
459 3834 551 3894 terme
573 3830 652 3892 velut
673 3849 709 3892 sc
730 3829 756 3892 si
779 3838 914 3892 monens
937 3846 1044 3900 esseni,

178 3935 214 3999 Et
234 3935 341 4012 cecidi,
364 3935 524 3998 extinctum
546 3931 624 3996 solet
644 3940 677 3992 ut
696 3930 893 4010 procumbere
919 3947 1037 4010 corpus.
1128 3972 1130 3981 .

503 4228 864 4242 ...α-ι-ο--ι-ο-ΰ
