3142 5166
308 421 372 484 206
728 419 910 473 enecarent!
928 418 1006 471 11111.

376 640 427 702 Via
449 659 516 702 esee
539 639 654 702 arbitrii
676 637 733 700 sibi
755 637 858 711 libera,
880 637 981 700 oaooia
1002 637 1081 700 vinci

325 765 359 817 7⁰
376 751 435 812 Fac
456 757 556 812 mente
576 748 606 810 io
628 758 740 819 teneas,
762 746 814 809 ubi
836 746 876 808 sit
895 765 1060 810 memorare
1082 746 1186 810 libido.

417 861 524 922 Ferme
546 857 720 919 concubium
742 857 940 919 subnectam
962 856 1031 920 luna
1052 864 1166 921 morata

376 968 527 1032 Suadebat
547 967 635 1030 nobis
658 966 759 1029 ateilaa
780 967 879 1028 urinae
901 983 969 1029 osae
990 967 1172 1048 frequenter,

376 1079 492 1156 lugenti
514 1077 624 1138 similia
646 1077 761 1150 situlae,
784 1095 859 1156 quae
879 1083 942 1138 tota
964 1078 1116 1155 flagraret:

376 1188 414 1250 Et
436 1195 538 1249 contra
561 1186 676 1248 coelum
697 1186 760 1249 risa
782 1193 829 1248 eat
850 1186 1009 1248 extendere
1030 1203 1150 1250 cursuro

325 1309 358 1362 ta
375 1296 449 1359 llluo
470 1315 525 1376 per
547 1295 650 1368 collar,
673 1313 750 1375 quoa
770 1295 816 1356 aci
839 1293 1059 1356 flammantibus
1078 1295 1138 1358 urit

376 1405 467 1478 Telis,
489 1405 641 1466 Romanus
665 1421 732 1465 curn
753 1404 900 1484 prospicit
920 1405 1021 1469 accola
1043 1407 1177 1468 flammat

376 1516 507 1578 Sardoos
529 1515 609 1576 inter
629 1515 800 1594 Corsosque
822 1513 938 1576 illabier
958 1515 1057 1576 uudia.

376 1625 476 1688 Cumis
498 1633 535 1698 at,
558 1623 678 1686 Antiano
700 1641 778 1703 quaa
798 1624 849 1686 dat
870 1624 1035 1688 clarescere
1056 1641 1133 1705 pago

293 1763 303 1786 ι
375 1734 484 1796 Umbra
506 1733 590 1805 adeo,
612 1743 646 1794 ut
667 1735 782 1796 cunetis
804 1734 863 1796 boc
883 1734 1001 1796 Mantua
1022 1737 1293 1814 praetentorum,

324 1855 359 1909 80
375 1843 564 1906 Ponderibus
585 1843 701 1923 positia,
726 1821 835 1924 quibua
856 1842 940 1906 iiluna
961 1861 1050 1924 saepe
1072 1861 1232 1922 gramm,

374 1953 448 2016 ibat
491 1952 563 2031 Ego,
588 1953 635 2014 cni
653 1953 716 2033 juo
738 1970 838 2014 rerum
859 1953 1016 2016 maniicata
1035 1955 1157 2033 patebat

375 2063 498 2126 Scitanti
521 2062 606 2135 ratio,
630 2061 755 2124 ccbecta
775 2081 885 2136 mesae,
908 2064 1035 2144 quietus,

374 2173 413 2236 Ut
434 2173 484 2254 qui
507 2171 659 2252 decipiunt
680 2189 796 2234 summo
818 2180 940 2252 torpore
960 2181 1125 2252 premente,

374 2284 466 2358 ibam,
489 2291 536 2345 ast
556 2282 613 2344 ista
635 2281 707 2343 mibi
729 2291 776 2342 eet
795 2280 891 2344 nubes
911 2281 1006 2344 ablata
1027 2284 1142 2346 ratuni

323 2405 357 2462 ab
374 2393 467 2464 Illinc,
489 2391 541 2454 ubi
563 2391 680 2454 advenit
700 2369 831 2471 populus
851 2399 922 2472 poet
942 2399 1044 2453 nostra
1065 2391 1182 2456 roiutaa

374 2503 470 2582 Terga
492 2517 682 2564 occurant-us.
726 2500 909 2580 Qualcruque
926 2502 1062 2564 romanor
1084 2509 1116 2564 et
1133 2504 1228 2565 amnia

373 2613 492 2691 Asopua
514 2623 607 2674 noctu
626 2609 698 2672 vidit
718 2619 903 2691 matrumque
924 2611 1079 2692 vinumque

373 2721 506 2784 Effusam
529 2739 619 2783 curan
639 2720 757 2784 turbam
778 2737 963 2800 numeroque
984 2721 1178 2802 mouentem,

374 2830 540 2894 Dummodo
562 2828 696 2892 Thebani
716 2830 826 2892 Lenaei
846 2830 941 2909 patria
963 2839 1099 2910 egeran13

323 2951 358 3006 0⁰
375 2939 458 3002 Talia
481 2939 587 3002 falcato
608 2937 775 3001 turbabant
796 2940 914 3018 agmina
934 2941 1057 3002 circium

374 3049 461 3112 Hunc
482 3067 584 3128 passu,
605 3063 690 3129 quae,
712 3057 802 3130 prout
821 3047 882 3112 ridi
902 3051 1084 3112 reuientbun
1104 3051 1137 3112 in
1158 3067 1220 3125 ore,

374 3159 459 3222 biens
480 3158 567 3232 bona,
586 3158 687 3240 inetur
709 3177 794 3222 anaor
815 3177 936 3222 aarum
957 3159 1088 3224 celerare
1106 3159 1252 3242 Jobabaat

374 3269 527 3332 advenere
549 3269 618 3344 cito,
640 3285 769 3349 nanque
789 3269 896 3348 ingena
917 3269 967 3332 iila
988 3278 1105 3332 catam

373 3378 440 3441 ibat
459 3379 671 3460 praecipitante
692 3379 794 3457 gradu
817 3378 965 3460 binaeque
987 3379 1144 3461 praebant

324 3499 357 3554 ab
374 3489 493 3552 Effusae
514 3489 545 3550 in
566 3488 705 3550 lacrimae
726 3488 888 3552 clamantes
908 3489 996 3554 ainata
1017 3489 1160 3553 umbrae:

374 3598 411 3662 Et
431 3597 522 3662 bieria
543 3597 581 3661 ad
602 3605 733 3660 moutam
755 3599 855 3662 atudio
876 3607 1057 3680 properante
1077 3601 1217 3674 occurre

374 3709 413 3772 Et
434 3707 542 3770 Caesar
563 3706 688 3788 capiens
708 3707 814 3772 urben
835 3709 893 3772 eibi
914 3709 1044 3772 aubdaae
1063 3709 1200 3784 ilerdam,

374 3817 534 3880 biaoaiiiam
555 3819 691 3898 pupugit,
713 3818 782 3880 noio
804 3835 894 3882 curan
915 3820 1023 3900 irrupit
1043 3821 1074 3882 iu
1096 3837 1179 3883 ortua

374 3927 549 4006 Hispanam.
591 3931 738 4002 montio,
761 3937 900 4003 actutum,
922 3945 981 3992 nec
999 3930 1082 3992 abina
1103 3931 1237 3994 tiranno

310 4055 358 4108 ιω
374 4037 519 4100 Punctum
541 4037 635 4099 borae
656 4038 808 4100 iucaaauua
829 4039 917 4120 cuipa
937 4039 1074 4120 ingentia
1094 4041 1215 4112 auraria,

374 4147 465 4210 Retro
486 4146 653 4210 clamabant
672 4147 732 4222 atii,
754 4157 790 4210 nt
809 4150 992 4212 aeumcere
1012 4167 1103 4230 poree

375 4257 474 4320 Gratia
496 4257 546 4318 det
567 4255 666 4320 studio
689 4257 775 4332 berae,
796 4275 852 4340 par
872 4259 1036 4333 baudacta,
1058 4259 1203 4323 manau.

417 4365 443 4430 0
466 4382 548 4446 gana,
572 4385 661 4448 quana
682 4367 785 4432 torm
805 4385 888 4432 nuuc
907 4377 993 4448 urget
1012 4371 1113 4433 terror
1133 4377 1246 4444 acam,

725 4569 1110 4580 mm...

1476 1708 1481 1833 1

1475 2046 1479 2203 ι

1412 2405 1416 2416 .
1473 2206 1479 2451 i

1471 2970 1474 3129 1
