3144 5164
578 412 712 463 Plhlntst
731 413 808 466 xxti.

160 633 270 700 tilluic
292 632 371 704 date,
394 630 474 710 qnod
497 635 594 692 restra
617 630 694 692 cadit
715 649 751 692 ex
772 651 886 708 mensa,
908 643 975 696 ante
998 633 1058 696 diei

192 743 303 804 liuram
324 748 508 821 postremam
531 757 620 819 quana
642 740 701 819 ipsi
723 741 951 820 praescripserit
972 752 1072 818 aetas,

193 852 259 914 Stet
279 850 377 931 posita
400 856 469 911 ante
490 847 594 912 nudus
616 848 702 912 achis
724 851 867 914 immensa
891 853 1000 933 cupido

192 961 301 1042 Ipsius,
325 977 361 1021 ac
381 958 503 1039 paulum
524 967 625 1020 vestre
647 959 728 1022 hunc
749 961 917 1041 adspergite
939 981 1018 1026 rnre.

192 1071 268 1134 llam
291 1071 369 1142 funs,
391 1068 472 1130 unde
494 1069 598 1142 linunt,
622 1069 709 1132 tacite
732 1087 808 1149 quae
831 1071 940 1150 cogitat
960 1072 1050 1146 intus,

145 1179 283 1251 revehis
305 1197 401 1258 nsque
423 1185 512 1257 patet
556 1177 607 1238 Sic
629 1184 675 1240 est
695 1179 781 1243 aliata
802 1180 944 1246 lisanam

234 1289 312 1352 Turn
332 1307 403 1350 vern
425 1287 492 1350 illae
514 1287 630 1350 animae
651 1286 746 1352 laetae
768 1308 801 1352 se
822 1297 937 1353 vertere
956 1291 987 1352 in
1010 1292 1101 1354 nrbes

191 1399 393 1480 sphaerarum
416 1417 485 1460 sese
506 1397 629 1471 circum,
652 1405 748 1460 sente
769 1417 831 1473 exe,
854 1408 1013 1475 nutantum,

190 1509 274 1571 licre
296 1518 480 1570 cometarum
500 1508 695 1570 flammantes.
738 1507 834 1588 thue
854 1509 956 1572 videre
977 1519 1025 1572 est

191 1619 292 1700 Usque
314 1619 344 1680 in
367 1617 543 1680 machinalis
565 1616 665 1696 lapsas
687 1617 914 1697 strepitantibus
934 1619 1024 1682 heras
1077 1635 1082 1644 “

144 1735 174 1790 15
190 1729 243 1792 Sic
264 1727 341 1791 volvi
363 1725 480 1798 circlos,
503 1726 530 1788 si
551 1725 696 1800 advertas,
719 1735 751 1788 ut
772 1729 857 1807 prior
876 1748 954 1792 unus

190 1839 238 1902 Sit
259 1837 367 1900 similis
389 1837 487 1909 stanti,
510 1843 718 1915 extremusque
741 1837 839 1900 volare
860 1847 994 1919 putetur3

190 1949 242 2012 Sic
263 1948 331 2010 illae
353 1945 481 2008 choreae
502 1944 678 2026 plaudentes
700 1945 821 2026 dispare
841 1956 942 2023 mntu;

189 2059 283 2121 Prnut
303 2055 425 2137 rapidae
446 2063 497 2118 eut
516 2054 625 2128 tenue,
648 2055 791 2136 cujusque
813 2058 981 2137 expendere
1004 2079 1093 2140 opum
1116 2063 1174 2124 rirn

76 2170 80 2213 ¹
188 2169 278 2231 Visus
300 2167 448 2228 edocuere
470 2183 564 2228 mens.
608 2165 691 2237 Quae
713 2173 760 2226 ast
778 2165 842 2228 visa
862 2169 959 2230 nutari

77 2226 79 2307 l
140 2291 174 2344 tn
189 2278 313 2358 Dignior
334 2275 481 2355 egregiam
504 2273 542 2336 nb
565 2273 707 2354 speciem,
731 2274 891 2368 splendore
913 2278 1028 2340 refulsit

75 2374 79 2466 l
188 2387 282 2451 Felici
303 2403 400 2466 nsque
422 2385 507 2458 aden,
529 2391 563 2446 ut
584 2382 696 2446 utillum
718 2399 804 2461 mage
826 2385 939 2465 lulgere
961 2388 1060 2452 lumen

187 2497 310 2571 Ferret3
332 2503 437 2575 terque
457 2494 631 2556 Basrarcarr
655 2494 766 2556 nircum
789 2495 857 2574 igne
878 2497 984 2573 vnlnta,

187 2607 279 2670 Fudit
299 2607 336 2670 ah
358 2621 410 2668 ure
431 2602 527 2666 meles
549 2611 608 2666 hm
631 2603 739 2678 divum,
762 2613 796 2668 ut
817 2606 910 2668 viride
932 2610 1041 2672 urentis

187 2717 240 2779 Vis
262 2715 334 2778 mihi
356 2734 418 2777 uun
439 2722 570 2776 revocet.
614 2713 714 2787 Quare
736 2711 795 2774 hue
816 2733 883 2777 mea
904 2715 1001 2780 littera
1024 2719 1100 2782 saltn
1184 2745 1193 2760 ⁴

137 2834 172 2888 25
187 2826 342 2898 Praeterit,
365 2841 401 2886 ac
421 2824 506 2886 mitte
528 2822 717 2897 descrihere3
740 2843 867 2905 namque
889 2827 1014 2891 facultas

189 2935 345 3011 Quaelibet
365 2933 487 3013 ingenii,
509 2932 620 2996 nedum
642 2931 705 2995 oris
727 2933 814 3014 eopia
836 2937 940 3010 nostri,

187 3048 262 3110 Cum
283 3044 383 3108 studet
403 3045 460 3106 hus
481 3041 612 3106 similare
632 3043 727 3117 sinus,
749 3051 849 3106 utetur
869 3045 968 3128 inepte

186 3157 287 3219 Viraci
309 3155 389 3218 lucu.
410 3187 452 3202 -
472 3153 557 3216 Aitna
579 3169 675 3226 soror,
698 3171 773 3234 qnae
795 3155 931 3234 supplice
953 3173 1026 3219 voce

186 3268 238 3330 Sin
258 3267 308 3348 pin
330 3273 392 3328 stas
413 3283 513 3327 curam
536 3265 682 3326 dammula
704 3266 830 3325 exercite
853 3281 933 3337 eura,

135 3392 170 3446 nn
186 3377 233 3439 Tu
255 3377 401 3455 sphaerae
423 3373 504 3436 illins
525 3371 667 3454 pulchrae
690 3371 763 3434 milri
785 3373 902 3436 vinnula
925 3373 1027 3437 sciris.

227 3487 340 3550 Deinde
362 3503 448 3548 sacer
469 3501 593 3546 cessans
615 3482 694 3561 iguis
716 3501 771 3544 sua
792 3484 910 3546 flamina
931 3484 1019 3546 vertit

185 3597 219 3659 ln
241 3596 406 3668 Dominam,
427 3595 503 3658 haee
523 3600 593 3673 pust
614 3592 700 3665 dicta,
723 3611 835 3668 menna,
858 3601 887 3656 et
906 3593 967 3675 jaun
989 3593 1099 3658 talibus
1121 3595 1201 3658 inlita

184 3707 280 3786 Magni
303 3726 322 3768 n
343 3705 393 3766 lux
414 3713 533 3768 aeterna
556 3703 624 3774 viri,
648 3699 696 3764 eui
717 3701 834 3764 tradere
856 3701 955 3766 clares

183 3817 238 3880 Est
258 3824 361 3878 nestro
383 3814 479 3877 visum
499 3811 638 3886 iluminn,
661 3829 735 3892 quas
757 3811 861 3875 detulit
885 3811 945 3876 altu

133 3939 166 3993 ³5
183 3927 227 3989 Er
248 3927 336 4006 gaudi
357 3939 451 4000 regnu
472 3922 549 3990 miri,
572 3922 651 3986 haud
672 3930 787 3984 tentare
809 3941 915 3986 recusa

182 4037 275 4100 latum
297 4034 336 4096 de
357 4033 477 4096 levibns
495 4031 702 4112 gravibusque,
725 4039 758 4094 ut
778 4032 869 4096 corda
891 4034 1002 4113 cupido

181 4145 251 4208 Fert
272 4144 412 4223 rogitare,
434 4150 501 4206 tuae
523 4141 594 4204 lidei
616 4161 691 4222 quae
713 4123 849 4222 dogmata
871 4153 1008 4224 poscunt,

180 4256 240 4318 Per
261 4273 348 4335 qnam
372 4261 402 4314 tu
424 4251 584 4315 incolumis
606 4269 698 4332 super
718 4252 815 4314 undas
837 4253 978 4332 aequoris
1000 4253 1075 4315 ibas.

180 4365 225 4429 hu
247 4365 324 4428 hene
347 4372 434 4437 annet,
456 4370 597 4443 speratus
618 4360 704 4434 hene,
727 4361 855 4424 etheus
878 4362 988 4438 eredat,
1011 4369 1146 4442 apertum
