3142 5166
688 343 1304 359 —auo——o———fflfl-—q

567 397 748 449 runuttotttt
766 399 803 448 Vl.

80 605 82 618 ¹
146 631 175 683 tu
191 617 346 695 Quemque
370 624 456 678 treus
478 614 573 678 oculis
595 623 682 695 atque
704 617 835 697 undique
858 617 1118 698 circumspectans,

80 788 83 811 1
190 727 340 805 ttutuqm
361 725 539 804 premittens
561 744 579 786 a
598 725 716 787 cunctis
737 726 813 788 liber
834 726 959 790 abibam.

232 836 290 898 llic
310 836 480 904 mamus,
502 834 554 913 qui
577 833 633 895 sub
655 836 717 896 lera
736 834 858 898 brachia
879 832 967 898 Gurru

191 946 233 1008 lle
255 944 355 1006 'l'acce
379 943 532 1014 accubuit,
555 943 629 1017 ridi,
652 943 764 1022 quique
785 945 895 1024 impete
916 961 1009 1007 coetu

81 1066 85 1085 ⁸
192 1055 300 1116 llcstes
324 1053 395 1114 dum
416 1052 600 1132 insequitur,
622 1052 794 1132 subiectum
812 1052 916 1131 lapsus
937 1054 967 1114 in
990 1073 1105 1118 amnem

147 1177 176 1230 tt
192 1162 356 1225 interclusa
377 1163 474 1225 anima
495 1161 592 1241 periit.
635 1162 692 1223 llic
713 1178 779 1223 cum
802 1181 891 1242 prece
913 1162 1020 1226 blanda

192 1271 337 1334 Attollens
359 1273 474 1352 palmas
493 1271 654 1333 Fsmnrcus
676 1280 817 1350 utrasque
839 1272 1007 1340 Novacum.

193 1383 253 1444 Nec
276 1400 336 1444 non
358 1381 484 1442 Prslnus
508 1388 647 1452 testatus,
670 1389 791 1460 pectere
814 1381 883 1442 lorti

191 1490 373 1553 llumuccun
394 1489 558 1552 eminuisse
578 1489 707 1560 bonum,
729 1490 880 1566 tardabam
903 1499 933 1552 et
953 1490 1025 1552 Uest

191 1600 258 1661 viui
280 1598 407 1662 animam
428 1598 564 1672 comitis;
587 1597 797 1678 disjunctaque
818 1617 945 1678 curpera
966 1599 1005 1660 ch
1027 1600 1100 1662 iram

143 1723 176 1774 tt
191 1709 410 1789 Atque-acrem
431 1707 586 1780 iuvidiam,
608 1708 686 1770 simu
706 1707 837 1780 dicebat,
860 1717 889 1770 at
910 1708 970 1772 ulla

192 1819 313 1898 Absque
335 1837 389 1880 sua
411 1816 513 1896 maipa,
536 1816 624 1879 nubis
646 1817 743 1880 anima
764 1817 854 1880 altem
874 1818 954 1880 veuit

192 1925 296 1990 ouria
337 1927 401 2006 liqu
422 1927 546 1988 Paruum
566 1927 760 1989 &accensura
783 1927 864 1990 huuc
885 1945 953 1988 esse
974 1927 1114 1990 monebo.

81 2062 84 2131 ξ
191 2042 288 2117 Atque
310 2036 360 2098 iric
381 2045 570 2116 praecaveat,
593 2045 733 2116 superest
754 2036 824 2098 dum
846 2037 917 2107 vita,
939 2036 1093 2100 limatura

82 2140 85 2153 ¹
191 2146 320 2225 Regina,
343 2165 377 2208 ac
399 2145 524 2216 videam.
537 2163 574 2208 ue
596 2145 682 2226 pejor
703 2164 736 2207 se
758 2153 876 2208 maneat
896 2162 975 2221 grex.

82 2326 84 2343 ἱ
142 2265 173 2316 tt
234 2255 323 2318 Omni
344 2273 393 2318 me
413 2263 573 2334 postquam
595 2254 717 2316 dissolvi
740 2255 872 2316 exercitu
892 2273 994 2318 eanum

81 2354 84 2428 ἷ
191 2364 367 2428 Umbrarum
390 2372 541 2437 orantum,
564 2373 598 2426 ut
617 2365 751 2443 requiem
772 2364 830 2427 sibi
851 2363 987 2443 supplice
1009 2383 1081 2428 rece

193 2475 322 2536 lirarent
342 2473 413 2546 alii,
436 2473 475 2535 alr
498 2491 586 2552 quarn
608 2475 718 2537 mactis
740 2493 807 2536 esse
829 2473 930 2536 liceret

82 2656 84 2681 Ι
194 2583 304 2653 Ocius,
327 2583 377 2644 lric
399 2583 499 2662 caepi:
523 2583 721 2655 limacius,
746 2585 885 2646 docuisse
906 2582 1023 2644 rialetur

82 2694 85 2727 ¹
194 2695 324 2756 Omnino
347 2701 396 2754 tua
417 2691 500 2754 llusa
521 2693 588 2754 loco
610 2711 671 2754 nau
693 2711 783 2771 pesse
804 2693 956 2770 precando

146 2812 177 2864 tu
193 2805 264 2866 Fata
286 2802 340 2864 Dei
362 2802 457 2875 ilecti;
479 2810 576 2864 umen
598 2802 629 2864 id
651 2801 802 2880 qenaista
824 2801 957 2879 rugabat.

194 2912 316 2974 Fmstra
339 2929 410 2990 ergo
432 2911 463 2973 ni
484 2907 629 2989 sperent?
650 2912 694 2973 Au
717 2929 778 2974 uun
797 2910 876 2972 heue
899 2910 1009 2992 scripta
1030 2921 1187 2991 patescunt

194 3022 232 3083 lli
255 3018 327 3084 tua?
349 3053 390 3066 -
412 3023 449 3082 lt
469 3021 497 3083 is
520 3027 637 3082 centra:
660 3020 693 3082 Si
715 3020 955 3099 contemplabere
977 3039 1050 3082 sana

194 3131 266 3194 llam
288 3130 408 3211 penitus
429 3137 543 3202 mente,
566 3137 613 3192 est
635 3130 731 3192 lacilis
752 3129 917 3208 planusque
940 3149 1073 3191 meorum

195 3241 381 3320 Scriptorum
404 3259 527 3310 seusus.
550 3257 647 3320 neque
670 3257 722 3300 eos
745 3257 816 3317 spes
838 3237 913 3298 ludit
934 3239 1041 3300 innuis.

81 3370 84 3385 ·
146 3349 326 3428 acutamque
349 3349 427 3412 haud
450 3347 605 3412 descendit
624 3349 766 3431 maiestas
788 3365 903 3410 summa
925 3349 1047 3427 superni

82 3444 85 3455 ¹
192 3459 318 3533 ludicii,
342 3458 412 3522 dum
434 3459 524 3520 cerda
545 3476 639 3520 urens
659 3459 704 3520 ris
725 3458 810 3535 ignea
831 3457 943 3518 amoris

194 3568 259 3631 Uno
280 3569 342 3630 ictu
364 3567 510 3640 absolvat,
534 3567 613 3647 quud
632 3568 738 3646 jussus
760 3566 875 3628 solvere
898 3567 995 3635 debet.

80 3658 84 3761 Ξ
195 3677 373 3756 Quicunque
393 3678 444 3740 laic
465 3676 602 3740 ambulat
646 3675 705 3738 Sed
726 3684 759 3738 ut
781 3685 827 3738 cst
847 3676 1008 3746 sententia,
1031 3667 1118 3739 uenio

194 3786 278 3848 Vitae
300 3786 476 3850 emendabat
497 3786 604 3848 veteris
625 3785 780 3848 malelacta
802 3785 969 3864 precanda:

145 3907 179 3959 tu
195 3896 330 3975 Namque
351 3896 413 3958 llec
435 3896 613 3958 immensum
634 3895 806 3976 seiunxerat
827 3895 1011 3958 intervalium

80 4008 84 4087 J
196 4005 347 4067 Orantem.
390 4007 429 4068 lt
449 4025 520 4070 rere
542 4005 632 4066 tantis
655 4003 782 4066 obducm
803 4003 935 4066 tenebris

80 4102 83 4191 J
194 4113 276 4176 Dicta
299 4131 405 4183 mna
426 4113 498 4178 milri
520 4133 558 4176 ue
581 4113 704 4176 clriinua
727 4123 941 4192 scrupeum,

80 4202 83 4289 f
194 4221 229 4284 tit
252 4223 337 4304 prius
360 4224 390 4286 id
409 4225 532 4293 doceat.
556 4243 632 4303 quae
653 4223 704 4286 lux
725 4224 814 4286 micat
836 4224 915 4285 iuter
935 4230 1088 4300 utramque
1125 4278 1127 4284 .

79 4336 82 4401 l
195 4331 262 4394 Veri
284 4332 435 4411 animique
457 4333 551 4396 samm
573 4332 680 4394 uestri.
723 4335 819 4412 Atque
841 4333 890 4394 iric
913 4331 1031 4398 nescio,
1054 4350 1092 4392 an
1113 4332 1191 4392 istud
