3144 5164
293 419 355 484 342
453 501 455 506 ,
754 421 887 472 ranentst
905 421 963 472 xta.

359 639 505 704 Laetitiae
526 641 626 713 llores,
650 649 766 702 vestros
789 639 863 701 milti
886 641 979 702 odore
1002 639 1057 701 sub
1081 657 1141 701 uno

359 750 511 812 Mittetttes
533 750 632 812 cuncti
655 748 828 828 singlariter
849 749 982 830 undique
1004 749 1124 823 odores,

360 860 482 934 Solvite,
506 859 666 941 spirantes,
689 867 811 922 nostrae
829 859 944 940 Jejunia
966 859 1084 932 mentis,

362 970 459 1045 Quam
482 969 560 1033 lame
582 976 734 1031 torserunt
755 968 854 1048 longa,
879 969 948 1050 quia
970 967 1078 1050 pabula
1102 969 1182 1031 nulla

310 1093 344 1148 at
360 1079 463 1142 iuveni
487 1079 518 1141 in
541 1078 640 1141 terris.
684 1079 831 1158 Equidem
853 1097 901 1141 me
926 1079 1004 1142 scire
1026 1077 1144 1141 iatebcr

360 1189 479 1252 lustum
500 1189 582 1251 illum
604 1198 729 1269 patrem,
753 1189 887 1269 quamvis
909 1205 977 1250 sese
999 1188 1065 1268 ipse
1087 1187 1247 1250 ridendum

363 1299 400 1361 Ut
421 1299 576 1380 speculum
596 1300 735 1361 ostendat
756 1299 833 1360 coeli
855 1317 910 1378 per
932 1306 1050 1360 caetera
1073 1315 1203 1373 scamna,

360 1409 427 1474 Non
449 1408 521 1471 huic
543 1406 598 1470 suh
620 1408 686 1470 velo
708 1427 776 1470 sese
798 1405 943 1489 praehere
966 1407 1091 1469 cohorti.

363 1519 464 1592 Scitis,
487 1525 521 1580 ut
541 1526 674 1580 arrectus
697 1518 859 1580 consistam
883 1516 985 1579 audire
1007 1526 1144 1596 paratas3

312 1645 347 1698 ee
362 1629 429 1691 Nou
451 1627 596 1708 ignoratis
618 1645 773 1708 quaenam,
795 1627 873 1690 male
895 1645 965 1689 curn
987 1626 1123 1700 molesta,

362 1737 531 1817 Ancipitem
553 1737 699 1816 exlongo
721 1722 837 1799 esuries
859 1736 983 1800 collecta
1005 1746 1147 1799 moretur.

406 1846 511 1920 Qualis
532 1845 583 1910 uhi
606 1845 726 1908 exsiluit
747 1846 865 1908 sublato
887 1846 1016 1926 tegmine
1038 1846 1125 1920 laleo,

362 1955 499 2034 Exagitet
521 1964 609 2036 caput
631 1964 719 2036 atque
742 1955 797 2018 alis
819 1956 877 2018 sibi
900 1955 1016 2038 plaudit
1036 1957 1157 2036 apertis,

364 2066 561 2146 Ostentatque
583 2065 703 2128 inhians
725 2066 859 2127 formoso
881 2066 911 2128 itt
933 2085 1060 2147 corpore
1082 2067 1189 2133 roburt

313 2184 346 2240 st
364 2175 437 2238 'lale
459 2175 530 2238 illud
554 2175 671 2254 signum
694 2183 863 2237 contextum
884 2175 1022 2238 laudibus
1045 2177 1114 2240 almi

362 2285 506 2350 Flaminis
528 2283 661 2364 adspexi,
684 2283 796 2347 circum
818 2285 1031 2348 resonantibus
1052 2285 1179 2367 hymnis,

365 2396 449 2471 Quos
471 2394 604 2457 didicere
625 2392 698 2468 illie,
720 2394 772 2475 qui
794 2403 913 2457 aeterna
935 2403 1010 2476 pace
1032 2397 1179 2458 lrnttntur.

406 2503 497 2568 Dein:
522 2503 580 2577 Qui
602 2521 775 2585 supremum
797 2521 933 2566 normam
955 2505 1134 2568 circumtulit
1156 2505 1270 2580 orlteut,

365 2615 482 2694 Totque
504 2613 546 2676 ibi
569 2613 720 2694 disposuit
739 2614 897 2677 manifesta
919 2615 1095 2695 occultaque
1117 2623 1199 2677 certo

313 2700 348 2790 ld
366 2723 489 2798 Ordine,
512 2741 573 2784 non
595 2724 693 2803 potuit
714 2723 867 2803 propriant
890 2725 936 2786 sie
958 2723 1095 2805 sculpere
1117 2724 1229 2806 ubique

364 2834 519 2905 Virtutem,
542 2849 596 2894 sua
619 2832 691 2913 quin
714 2833 845 2913 spatium
865 2833 1014 2914 sapientia
1037 2833 1157 2896 abesset

364 2945 468 3022 Longe
491 2941 638 3004 inlinitum
662 2960 854 3023 exsuperans.
898 2943 957 3005 Res
978 2943 1046 3024 ipsa
1067 2945 1199 3021 notavit;

365 3054 440 3116 Nam
464 3051 609 3114 Tumidos
631 3052 755 3131 primus,
779 3052 827 3115 cui
848 3053 1067 3134 perfectissima
1090 3055 1184 3116 torma

365 3162 422 3226 Uni
446 3170 510 3226 erat
531 3161 650 3235 eximio,
671 3162 813 3225 indocilis
835 3160 893 3224 sihi
914 3181 1041 3244 poscere
1063 3163 1172 3238 lunte'n,

315 3281 349 3338 tt
367 3275 487 3354 Speque
509 3291 561 3334 sna
584 3290 738 3352 praeceps,
762 3291 834 3334 casu
857 3281 903 3334 est
925 3273 1066 3352 delapsus
1089 3275 1207 3337 acerbo.

365 3385 461 3464 Atque
483 3381 553 3444 ltinc
575 3381 716 3460 colligere
739 3388 786 3444 est
806 3381 901 3456 vobis,
924 3399 1018 3460 genus
1041 3401 1129 3446 omne
1151 3383 1277 3448 minoris

366 3491 497 3555 Naturae
519 3508 580 3552 non
603 3509 671 3554 esse
692 3491 778 3554 Bono
800 3509 856 3571 par
876 3493 935 3554 tlne
958 3493 1081 3566 carenti,

368 3599 455 3676 Quod
478 3597 537 3661 sihi
559 3619 698 3662 mensura
721 3609 767 3662 est
789 3599 844 3663 soli
868 3609 898 3663 et
919 3602 999 3682 quod
1021 3619 1055 3664 se
1077 3604 1156 3684 capit
1177 3621 1281 3667 unum.

367 3709 447 3789 Ergo
468 3717 571 3772 nostra
594 3709 684 3783 acies,
706 3709 792 3772 radio
814 3731 890 3790 quae
913 3711 1028 3774 oriatur
1048 3721 1168 3793 oportet

318 3825 352 3880 to
369 3819 412 3881 Ex
434 3818 534 3899 aliquo
556 3819 674 3892 mentis,
698 3820 784 3900 cuias
807 3829 877 3882 sunt
898 3822 998 3884 omnia
1019 3822 1117 3903 plena,

368 3929 480 3991 Natura
501 3928 581 3990 haud
603 3928 684 4008 potis
706 3939 752 3992 est
774 3937 854 3992 tanta
878 3931 985 3994 virtute
1007 3933 1114 4006 valere,

368 4037 407 4102 Ut
428 4056 488 4100 non
510 4044 674 4118 cognoscat
693 4057 726 4102 se
747 4039 841 4101 multo
864 4059 986 4103 cernere
1006 4041 1136 4122 primum

368 4147 554 4230 Principium
576 4147 703 4210 interius
724 4167 774 4225 re;
796 4151 897 4231 litque.
921 4160 952 4213 ut
973 4150 1095 4226 lumina,
1118 4151 1208 4214 vestri

371 4257 477 4332 Qualia
494 4264 564 4319 sunt
584 4257 697 4332 mundi,
720 4279 788 4322 sese
811 4259 842 4322 in
864 4261 1028 4342 penetralia
1049 4262 1167 4324 mittant

319 4369 353 4427 tt
368 4369 507 4432 iustitiae
528 4375 673 4444 semmae,
697 4369 777 4432 velut
798 4371 928 4451 amplum
949 4390 1005 4454 per
1025 4389 1106 4434 mare
1128 4372 1226 4448 risus3
