3142 5166
268 338 273 454 Ι
328 391 387 458 158
771 394 951 446 euuuumau
969 396 1005 445 u.

1489 538 1492 571 ι

341 624 374 679 tu
391 615 561 696 Pempiciae
583 613 680 676 etiam.
724 611 796 674 tiihi
818 611 1002 692 designanda
1023 613 1155 678 Beuum

390 725 488 786 Verba
508 743 563 804 per
584 724 639 784 ista
662 723 731 794 tuit,
754 722 808 784 tihi
830 741 905 802 quae
929 723 1082 786 manifesta
1104 723 1261 786 videndun

389 834 429 896 Se
452 833 533 896 dabit
554 833 640 894 istius
661 831 818 893 sublimem
839 832 868 892 in
891 831 1000 894 vertice
1021 833 1140 904 mentia,

390 943 450 1006 Pax
471 943 521 1004 ubi
542 949 687 1022 perpetuo
710 940 848 1002 diffundit
869 941 973 1018 gaudia
995 942 1070 1004 visu.

391 1053 459 1116 Cui:
484 1053 565 1114 Bene
587 1052 659 1122 dux,
683 1051 756 1123 dixi,
781 1051 856 1112 hane
876 1060 1182 1132 greeeupmpemnte
1203 1061 1358 1132 pennum

339 1167 373 1220 du
389 1162 435 1224 dte
457 1179 585 1240 namque
607 1159 683 1222 haud
707 1160 791 1222 tahon
811 1160 869 1221 iste
891 1168 1005 1235 gravat,
1027 1162 1196 1224 volutante
1219 1161 1344 1235 solebat

387 1273 512 1350 Jamque
534 1270 616 1341 vide,
639 1277 672 1332 ut
694 1269 789 1348 major
809 1268 847 1330 de
869 1267 945 1329 divo
968 1268 1084 1332 decidat
1103 1271 1218 1333 umbra.

432 1381 491 1443 teto
513 1363 739 1459 progrediamur
758 1379 816 1439 iter
837 1395 904 1438 eum
926 1377 1052 1452 lumine,
1074 1378 1171 1442 donee

388 1490 440 1552 Sul
463 1489 545 1552 dabit
566 1489 624 1562 ine,
646 1487 751 1567 inquit
796 1487 902 1548 Verum
925 1487 954 1548 id
977 1507 1065 1550 senua
1086 1507 1155 1550 eme
1174 1489 1304 1568 putabis,

388 1602 429 1662 de
451 1607 483 1661 tu
504 1617 569 1660 rere
590 1597 690 1659 mede.
732 1597 806 1660 Nam
827 1605 859 1658 tu
880 1597 946 1676 ipae
967 1596 1079 1670 redire,
1103 1599 1277 1678 pnneqnen

338 1715 371 1770 dd
388 1708 462 1770 lituu
484 1708 653 1787 pervenies,
678 1707 784 1768 iterum
806 1705 964 1768 miraberis
985 1705 1077 1778 iilum,

389 1817 446 1891 Qui
469 1817 513 1878 sic
534 1815 671 1896 opponite
694 1815 804 1877 mentis
827 1833 894 1876 eene
916 1814 1029 1878 abdidit
1049 1815 1162 1888 uumbm,

387 1926 487 2006 Ipsius
508 1934 541 1988 ut
562 1925 662 1986 mdiee
684 1942 744 1986 nen
766 1925 806 1986 ait
826 1925 879 1986 tihi
902 1943 1050 2004 rumpere.
1093 1927 1130 1988 Αι
1150 1943 1232 2000 ecee,

388 2035 482 2098 Cerne
504 2035 565 2096 iliie
586 2033 712 2096 animam
735 2035 873 2111 figentem
896 2034 1006 2096 lumina
1027 2035 1109 2096 viem

387 2143 516 2208 Omnino
538 2144 647 2218 solam,
671 2163 746 2224 quae
768 2151 903 2206 nostrum
923 2151 1081 2224 utmmque
1103 2153 1215 2219 metum

336 2265 369 2318 ιι
385 2253 465 2316 Haec
487 2273 558 2328 nes,
581 2273 656 2333 quae
678 2255 784 2316 melier
805 2253 891 2316 dueat
912 2254 973 2326 vie,
997 2254 1073 2316 tonte
1094 2255 1224 2318 docebit.

428 2363 586 2426 Venimus:
610 2363 634 2424 0
658 2363 771 2436 anima,
794 2362 895 2425 italico
918 2375 980 2424 eata
1003 2364 1147 2440 sanguine
1168 2365 1240 2426 eitra

384 2471 559 2546 Eridanum,
583 2471 674 2534 eunde
697 2473 840 2543 humane,
863 2491 952 2552 quam
973 2481 1002 2533 te
1023 2491 1075 2534 ore
1097 2473 1215 2536 tenebas

385 2583 500 2645 Celsum
522 2601 557 2644 ae
578 2583 731 2664 majestate
753 2581 886 2660 gravem!
910 2582 935 2644 0
958 2591 991 2644 ut
1011 2583 1136 2644 honesta
1157 2585 1286 2646 moventi

385 2691 483 2754 Tarde
504 2690 608 2753 oeulos
630 2693 709 2752 ecies
731 2692 802 2754 ibet.
846 2691 925 2753 Nihil
947 2689 995 2754 illa
1017 2692 1139 2771 pruteni,

333 2813 366 2865 dn
385 2801 443 2862 Sed
467 2801 564 2862 sinere
587 2803 630 2862 ire
651 2801 727 2862 viam
748 2801 916 2872 venientes,
939 2819 1021 2864 mone
1042 2801 1139 2864 tennis

384 2910 548 2990 Compositi
569 2909 672 2989 requie
694 2927 750 2972 nus
771 2909 983 2990 contemplata,
1004 2927 1062 2974 nee
1083 2911 1140 2974 ulte

382 3021 442 3080 Vox
466 3020 529 3082 tuit.
553 3051 589 3064 -
614 3018 691 3080 Huic
711 3026 809 3081 temen
831 3021 971 3092 accessit,
994 3021 1159 3100 pannisque
1179 3023 1292 3100 rogavit

382 3129 537 3208 Virgilius,
559 3137 737 3191 monstraret
758 3129 827 3201 iter,
851 3129 929 3208 qued
953 3129 1069 3192 scandit
1090 3131 1120 3192 in
1142 3129 1232 3192 altum

350 3325 354 3330 Ι
381 3239 503 3302 Lenius.
546 3239 597 3302 ltta
619 3239 706 3311 nihii,
731 3239 782 3300 sed
806 3257 883 3318 quae
906 3238 945 3300 sit
965 3240 1060 3318 patria
1082 3239 1179 3312 nohis,

332 3366 365 3419 το
383 3349 466 3422 Quae
488 3349 559 3422 vita,
582 3349 717 3428 exquirit.
761 3349 862 3411 liuteis
884 3349 957 3410 dux:
981 3349 1112 3422 Mantua,
1136 3349 1249 3428 eoepit:
1272 3381 1316 3396 -

381 3457 547 3537 Umbraque
570 3459 633 3519 sota
656 3457 723 3518 loen
746 3460 775 3520 in
798 3457 880 3532 selo,
904 3477 961 3538 que
984 3459 1056 3521 sede
1079 3458 1210 3522 sedebat

382 3567 474 3630 Obvia
496 3569 635 3639 surrexit,
659 3567 718 3628 veti
738 3569 782 3628 sie
803 3586 855 3628 ore
877 3566 992 3629 locuta:

380 3676 456 3738 Urbs
478 3684 541 3750 me,
564 3676 724 3748 dtineiade,
747 3685 795 3738 est
814 3676 927 3756 pariter
947 3677 1020 3740 mihi
1040 3681 1145 3757 patrie.
1189 3679 1280 3740 Diem

380 3785 569 3858 Summum,
593 3786 670 3848 eottn
693 3794 722 3846 et
744 3787 916 3864 eompiexue
939 3796 1063 3866 uterque
1085 3787 1238 3868 pependit.

329 3916 362 3971 pp
422 3894 447 3955 0
470 3913 553 3955 serva
576 3895 673 3967 ltalia,
697 3897 816 3974 engonis
838 3896 978 3969 lustrum,
1001 3897 1073 3958 orba
1096 3898 1235 3975 magistre

379 4003 487 4076 Pinus,
510 4003 619 4083 ubique
641 4005 737 4083 gravia
759 4005 902 4068 stridente
924 4007 1024 4068 iurene
1046 4007 1205 4085 pmeetlae,

378 4113 443 4174 Non
462 4113 524 4193 jam
546 4120 690 4174 temanum
714 4114 848 4188 domine,
872 4123 918 4176 ast
939 4133 1085 4195 praeaepe
1108 4113 1263 4195 inpetum!

377 4221 493 4286 Nebitie
515 4221 585 4284 huie
606 4223 723 4285 animus
746 4232 804 4284 ιιιιι
824 4241 896 4286 mox
918 4242 1075 4302 assurgere
1097 4227 1200 4297 euasit,
1559 4267 1560 4294 ι

377 4333 484 4395 Audito
507 4331 585 4394 dulci
607 4333 721 4412 patriae
742 4333 831 4394 mndo
855 4335 975 4396 nemine
997 4343 1102 4405 terrae,
1559 4297 1560 4389 i
