3144 5164
245 365 423 524 W*
750 417 884 467 i’dRiiiiSi
902 419 981 467 Xi'iii.

317 649 352 704 80
369 637 490 718 Diligite
512 645 558 698 est
578 637 708 718 primum
730 636 827 698 visum
846 653 978 714 signare,
996 634 1161 698 secundum

366 749 521 811 iustitium
543 747 696 827 scriptum.
741 745 880 808 Numeris
905 744 960 806 tria
982 745 1121 807 claudere
1143 763 1204 806 non
1227 751 1275 807 est

366 858 474 920 Ultima
496 855 645 936 legitimis,
669 857 722 937 pei
735 853 882 931 judicetis
905 869 1029 917 terrem.

367 968 396 1029 Μ
418 967 488 1028 dein
511 967 541 1026 in
565 966 667 1046 quinta
690 961 856 1045 scripturae
879 981 951 1025 voce
973 964 1102 1030 locatam

369 1075 550 1138 circumiere
575 1075 617 1136 ilii
641 1073 819 1154 splendores
841 1073 948 1134 ordine
970 1081 1084 1135 stantes

318 1205 351 1258 85
368 1183 429 1259 Sic,
453 1197 485 1246 ut
507 1183 548 1245 ibi
572 1191 726 1263 argentum
749 1183 922 1245 distinctum
943 1183 1083 1262 iuppiter
1103 1201 1174 1244 auro

368 1295 443 1356 Esse
465 1294 624 1356 rideretur.
669 1293 812 1373 Reliquos
834 1291 1019 1354 descendere
1040 1291 1111 1364 ridi,

370 1405 500 1467 Litterae
522 1404 571 1465 ubi
595 1411 693 1464 certer
715 1399 859 1474 exstabat,
882 1401 984 1482 ibique
1005 1421 1127 1464 manere

370 1516 538 1586 Cantantes,
561 1513 662 1586 credo,
686 1513 736 1592 qui
759 1531 792 1574 se
814 1511 850 1574 ad
872 1531 907 1574 se
928 1520 1036 1584 versat,
1059 1529 1201 1574 amorem.

369 1624 452 1696 iieiu,
477 1629 509 1684 ut
529 1623 681 1702 percussis
704 1639 780 1702 quos
800 1619 878 1700 ignis
901 1619 1033 1683 torribus
1056 1621 1134 1683 ussit

319 1753 353 1806 90
370 1735 543 1795 innumerae
566 1743 700 1811 surgunt,
723 1731 811 1792 oculo
833 1730 969 1804 mirante,
994 1731 1119 1804 favillae,

371 1843 453 1916 Quas
475 1849 601 1922 propter
621 1841 729 1905 stultae
751 1841 810 1903 sibi
833 1849 955 1920 captant
975 1839 1075 1903 omnia
1098 1849 1211 1920 gentes,

370 1951 461 2012 Miltia
482 1951 676 2030 splendorum
698 1958 769 2012 sunt
789 1949 852 2012 risa
873 1949 945 2012 hinc
968 1969 1099 2029 surgere,
1123 1959 1153 2012 et
1174 1949 1224 2012 itta

371 2061 464 2123 Altius
487 2060 591 2135 attolli,
615 2060 664 2122 itta
686 2060 795 2133 minus,
820 2067 908 2139 prout
930 2069 1011 2122 sorte
1032 2061 1159 2140 parabat

371 2171 422 2234 Sol
445 2171 494 2233 iiia
515 2171 693 2233 accendens.
736 2169 900 2250 Postquam
920 2169 975 2232 sed
997 2169 1114 2249 singula
1136 2169 1208 2232 sede

319 2300 353 2354 95
371 2281 433 2343 Lux
455 2281 537 2342 stetit
558 2279 589 2341 in
611 2279 743 2360 propria,
766 2289 837 2342 tunc
857 2279 946 2340 istam
968 2263 1110 2359 effingere
1131 2279 1192 2342 ridi

370 2391 515 2453 Eximiam
537 2383 687 2451 dammam
709 2397 849 2469 caputet
871 2388 981 2450 collum
1002 2388 1082 2450 alitis
1104 2389 1185 2452 atmi.

372 2501 430 2574 Qui
453 2499 587 2580 depingit
608 2499 659 2572 ibi,
682 2499 840 2561 ducentem
861 2497 941 2560 haud
964 2498 1095 2560 consulit
1115 2498 1217 2572 ullum,

372 2609 432 2672 Sed
454 2621 560 2671 cuncta
581 2609 608 2669 is
631 2609 721 2682 ducit,
743 2607 833 2670 simui
855 2607 899 2670 iiii
921 2615 1044 2688 accepta
1065 2609 1194 2670 retertur

371 2720 480 2792 Virtus,
503 2737 579 2798 puae
603 2719 697 2780 serrae
718 2728 767 2780 est
786 2715 876 2779 nidis.
920 2717 1020 2780 Turba
1041 2717 1133 2780 altera
1156 2725 1268 2791 senem,

307 2855 356 2906 ιω
372 2829 454 2902 Quae
477 2835 615 2889 contenta
637 2827 721 2907 pn‘us
743 2845 795 2890 sua
818 2827 879 2890 litia
901 2828 1093 2892 circumferre

371 2939 399 3000 ii
422 2947 468 3000 est
488 2938 551 2999 risa
572 2935 656 3010 mihi,
677 2937 798 2998 modico
820 2929 991 2999 venerabile
1014 2937 1132 3015 signum

370 3048 475 3127 Exegit
496 3057 588 3108 motu.
610 3076 650 3090 ·-
674 3046 698 3108 0
722 3046 825 3109 stellae
847 3045 1018 3110 dulcissime
1040 3047 1166 3122 damma,

372 3159 397 3220 0
420 3177 496 3238 quae
517 3165 547 3219 et
569 3165 677 3236 quanta
699 3156 795 3219 ocuiis
817 3171 999 3236 gemmarum
1020 3158 1108 3236 copia
1130 3157 1242 3218 nocuis

372 3267 517 3338 Ostendit,
542 3265 686 3346 quidquid
705 3265 780 3347 justi
800 3275 938 3328 versatur
958 3266 989 3328 in
1012 3265 1085 3329 orire

306 3387 354 3441 1⁰5
372 3377 531 3439 Terrarum
554 3385 667 3440 nestm.
691 3374 720 3436 id
744 3383 839 3438 totum
861 3374 1046 3438 descendere
1068 3375 1105 3438 ab
1128 3373 1196 3446 isto,

373 3485 460 3561 Quod
482 3485 616 3558 decoras,
640 3483 741 3548 coelo!
766 3486 865 3559 Quam
886 3483 931 3546 ilii
953 3485 1091 3565 supplico
1113 3485 1217 3552 menti.

371 3595 455 3658 Unde
478 3595 572 3656 oritur
593 3603 691 3657 motus
713 3595 898 3656 flammarum
920 3594 1025 3674 risque
1046 3605 1173 3674 tuarum,

371 3705 494 3784 Spectet
515 3723 561 3777 eo,
585 3704 663 3766 unde
685 3705 751 3767 duit
770 3703 879 3765 vitians
901 3713 953 3766 tua
974 3704 1084 3767 lumina
1108 3707 1223 3780 dumus3

370 3814 409 3876 Ut
430 3813 517 3893 piene
539 3813 600 3875 irae
622 3813 730 3876 iterum
748 3813 870 3894 jamjam
891 3813 968 3874 male
990 3815 1099 3876 mutuat
1120 3827 1263 3886 ementes,

292 3915 600 4003 protendentesque
622 3922 704 3984 intus
726 3923 805 3984 sacri
825 3923 991 4002 penetralia
1013 3923 1126 4004 tempii,

372 4033 530 4108 Quondam
553 4050 588 4094 ex
609 4031 756 4110 martyriis
778 4041 809 4094 et
829 4031 931 4095 multis
954 4033 1074 4096 condita
1095 4033 1201 4110 signis.

415 4143 440 4206 0
463 4161 516 4204 ros
538 4141 661 4203 miiitiae
683 4142 770 4215 coeti,
794 4159 918 4221 quamm
939 4144 1056 4221 agmina
1079 4159 1179 4217 cerno,

372 4253 432 4316 Vos
454 4251 594 4334 precibus
614 4251 730 4331 placate
749 4251 845 4314 ¹[teum
866 4270 923 4333 pro
944 4261 1032 4332 gente
1054 4254 1190 4334 prosena,

373 4365 468 4437 Quam
491 4379 613 4442 pravum
635 4359 801 4441 eucarpium
822 4361 946 4424 deduxit
966 4362 1085 4425 tremite
1106 4371 1198 4426 recto.

1177 4524 1489 4574 —.-......J
