3136 5164
566 409 749 462 PunnnTOtttt
767 409 842 463 xxtt.

200 629 239 692 Et
260 628 372 691 multos
393 626 469 690 alios
492 628 631 702 ostendit,
655 630 775 692 numine
798 647 945 710 quemque

40 817 44 824 ⁸
198 738 361 820 Appellans
383 738 517 817 proprio,
541 757 600 800 non
623 739 850 817 dedignantibus
873 738 943 813 illis,

90 836 93 861 ¹
150 859 182 912 ct
199 849 249 911 Sic
272 857 304 910 ut
327 866 374 908 me
397 846 526 910 obscuro
549 867 637 910 nemo
659 848 819 926 signaverit
840 859 918 910 actu.

198 958 265 1020 vtdt
286 958 461 1020 Unsnnmnu
482 957 637 1018 Prusnsmr
659 957 798 1019 dentibus
820 959 916 1037 aspris

198 1069 351 1130 Incassum
374 1075 514 1138 utentem,
538 1074 696 1145 superante
718 1066 858 1146 cupidine
881 1068 1003 1142 edendi3

198 1178 236 1238 Et
257 1187 296 1248 te,
317 1177 470 1248 Bostram,
493 1195 582 1256 quem
604 1176 713 1238 multae
734 1177 868 1237 examina
889 1177 987 1255 gentis

198 1285 363 1348 Narrabant
383 1285 501 1365 pavisse
523 1286 619 1364 ped0;
642 1292 673 1346 et
692 1292 731 1357 te,
753 1285 901 1358 Menenio,
924 1286 992 1358 vidi,

149 1411 182 1462 tt
200 1397 254 1459 Cui
277 1396 427 1475 quondam
448 1394 521 1458 urbs
543 1394 607 1456 Livt
629 1395 756 1474 spatium
778 1393 939 1456 indulsisse
961 1394 1082 1458 bibendi

197 1505 295 1568 Fauen
317 1504 416 1566 minus
436 1504 518 1565 sicca
540 1505 643 1576 lectur,
666 1503 735 1564 licet
756 1503 856 1566 aridus
879 1523 963 1566 esses

199 1615 301 1694 Usque
323 1613 407 1686 adeo,
430 1621 463 1674 ut
484 1631 635 1694 nunquam
658 1614 725 1674 uino
748 1614 870 1674 satiatus
892 1613 999 1676 abires.

197 1725 294 1804 thue
316 1723 381 1786 aliis
403 1723 455 1802 qui
471 1721 562 1784 alium
583 1723 722 1802 praefert,
745 1723 790 1783 sin
812 1731 912 1784 nostra
934 1731 1045 1787 morata
1066 1733 1114 1787 cst

197 1834 283 1896 llens
304 1834 335 1893 iu
356 1832 503 1894 Luccsnst
526 1833 603 1904 solo,
626 1849 714 1910 quem
736 1850 827 1893 nosse
848 1832 985 1911 putabam

146 1955 179 2008 35
196 1941 243 2004 lle
265 1940 391 2016 melius3
413 1942 467 2002 sed
490 1941 604 2014 nescio,
628 1941 698 2020 quid
721 1959 825 2002 secum
846 1940 897 2003 ille
919 1943 1081 2006 tremebat:

195 2053 413 2132 Audieramquc
436 2051 497 2112 illic
520 2050 690 2124 Gemuere,
712 2050 764 2113 ubi
786 2050 891 2112 vulnus
914 2052 1041 2114 inhaesit

197 2163 316 2235 Ultoris,
338 2161 420 2241 quod
441 2161 485 2222 sic
506 2161 633 2222 miseros
655 2161 826 2240 depascitur
846 2169 938 2222 artus.

240 2273 264 2334 0
288 2272 393 2344 anima,
417 2269 487 2332 huic
508 2269 577 2342 dixi,
601 2278 758 2348 quantam
781 2270 915 2331 studiosa
936 2270 1046 2332 viderie

196 2381 344 2461 Colloquii
364 2379 469 2453 nostri,
493 2380 548 2452 lac,
571 2397 691 2457 quaeso,
714 2389 746 2441 ut
765 2379 883 2460 plenius
905 2398 976 2441 aure

145 2499 178 2552 tn
194 2493 278 2556 llicta
300 2500 349 2553 tua
371 2490 521 2569 accipiam,
544 2497 633 2570 teque
655 2489 740 2569 exple
761 2508 869 2569 meque
891 2489 1052 2568 loquendo.
1092 2561 1096 2568 Ι

236 2601 358 2664 Femina
377 2600 439 2681 jam
461 2607 529 2661 nata
552 2607 606 2672 est,
630 2609 718 2678 atquc
740 2599 814 2661 haec
834 2599 981 2663 velamine
1003 2599 1135 2661 nondum

193 2713 299 2784 Utitur,
323 2710 372 2772 illc
395 2711 468 2784 iutit,
490 2727 653 2788 perquam
676 2708 729 2770 tibi
752 2709 837 2770 dulce
859 2727 980 2770 manere

193 2823 274 2884 Urbe
296 2821 353 2882 erit
373 2819 404 2880 in
427 2827 538 2892 nostra,
560 2818 638 2880 hanc
659 2817 760 2897 plures
782 2826 933 2898 utcunque
956 2819 1136 2898 reprendant

192 2932 306 3010 Pergcs
327 2930 357 2992 id
379 2929 525 2991 monitus:
549 2928 584 3002 si,
608 2947 696 3008 quem
717 2927 786 2989 misi
808 2947 870 3000 ore,
893 2947 1034 2991 susurrus

144 3047 176 3102 tn
192 3042 299 3104 Attulit
321 3057 462 3112 emerem,
485 3039 515 3103 id
537 3038 650 3118 pariter
671 3045 791 3100 tenera
812 3037 972 3100 docebunt.

193 3152 256 3216 Sed
276 3151 334 3222 dic,
355 3168 427 3212 num
449 3149 564 3210 videam
585 3147 635 3210 lric
656 3148 747 3220 illum,
772 3148 822 3227 qui
844 3147 974 3209 carmina
995 3148 1122 3226 primum

192 3260 330 3323 lntulerit
352 3279 438 3332 nova,
461 3267 490 3320 ct
512 3257 639 3320 altisono
662 3258 707 3319 sic
729 3257 833 3336 incipit
855 3274 922 3317 orc:

79 3334 83 3507 Ι
194 3369 229 3443 0,
255 3389 339 3450 quae,
362 3368 433 3448 quid
456 3369 496 3430 sit
516 3386 608 3440 amor,
631 3367 748 3429 sentitis
769 3376 878 3439 mente,
900 3364 1027 3446 puellae.

235 3480 290 3542 lllc
312 3497 367 3557 agn
390 3497 465 3551 sum,
489 3478 558 3550 dixi,
582 3478 641 3557 qui,
665 3477 744 3556 quod
767 3477 811 3536 vis
833 3476 927 3556 spirat
947 3475 1065 3548 amoris,

78 3518 82 3651 l
143 3595 177 3650 to
193 3589 297 3668 Signo,
320 3597 352 3650 ct
372 3607 432 3668 quo
455 3588 504 3649 ille
526 3587 616 3649 modo
639 3605 746 3648 sensus
767 3586 798 3646 in
820 3593 941 3666 pectore
964 3584 1062 3658 dictat.

192 3700 320 3779 Saepius
342 3700 401 3760 hoc
423 3697 532 3763 scribo.
577 3696 602 3758 0
625 3697 725 3768 trater,
748 3713 827 3756 nunc
851 3712 972 3757 cernere
995 3693 1106 3755 nndnm

191 3809 248 3871 Fas
271 3816 326 3881 est
351 3810 402 3888 qui
425 3808 562 3880 scribam,
586 3807 770 3879 Gururouctu
792 3823 900 3884 meque
923 3804 1078 3884 repressit.

190 3918 278 3980 Nunc
299 3917 399 3990 didici,
422 3936 476 3980 cnr
496 3935 549 3978 vos
572 3916 731 3977 dictantem
752 3933 832 3995 pone
854 3914 957 3988 secuti,

75 4026 78 4087 l
191 4027 345 4106 stringitis
365 4027 446 4089 hunc
467 4027 574 4088 vestris
595 4026 712 4105 pennis,
735 4043 792 4086 nec
814 4024 936 4101 contigit
958 4041 1089 4102 unquam

75 4100 77 4171 l
139 4142 172 4196 tt
189 4137 279 4199 elusis
301 4137 330 4198 id
353 4136 477 4198 nostris.
521 4136 559 4198 Et
579 4136 630 4215 qui
651 4153 736 4213 mage
757 4133 866 4196 finibus
889 4133 948 4195 illis

73 4188 77 4353 l
187 4246 319 4320 Prosilit,
342 4253 375 4308 ut
395 4246 520 4326 placeat,
544 4264 632 4326 quam
653 4243 742 4322 longe
765 4243 883 4304 ditlerat
903 4261 981 4304 unus

72 4360 76 4517 p
186 4360 284 4438 Atque
307 4356 383 4420 alins
406 4354 508 4436 stylus,
533 4354 582 4417 illc
603 4353 702 4416 minus
723 4352 833 4414 vidisse
854 4360 985 4434 putatur.
