3116 5162
311 436 352 504 12
746 436 998 490 uisurosouru.

324 668 360 722 tc
418 658 514 738 Atque
535 675 608 738 eqo:
632 656 827 739 Praeceptor,
850 655 922 738 quid
945 663 1004 718 tem
1025 672 1114 735 qrare
1136 656 1219 736 cogit
1237 675 1357 721 amares
1482 636 1485 701 i

375 765 439 830 iios
460 767 505 829 ire
527 765 558 829 in
578 765 733 841 lacrimas,
755 776 875 846 umque
897 765 974 828 altos
997 763 1086 828 edere
1108 765 1221 830 fletus?

376 876 446 938 ilie:
467 875 554 940 Brevi
575 875 684 938 dicem.
727 875 813 939 iiaud
834 893 906 955 spes
926 874 975 938 bis
997 893 1031 938 se
1052 893 1144 956 posse
1166 876 1302 942 dolorem

375 985 435 1048 Per
454 995 581 1048 mortem
602 984 689 1048 finire
711 983 810 1058 daun,
834 984 1050 1065 tenebrosaque
1071 983 1131 1048 rita

375 1095 490 1158 florum
510 1094 587 1159 adeo
608 1093 725 1175 abjectu
747 1102 795 1156 est
812 1093 955 1174 vitisque,
979 1101 1013 1156 ot
1033 1093 1157 1157 cuilibet
1177 1095 1236 1176 ipsi

324 1211 358 1266 ts
374 1202 504 1266 Alterius
524 1203 600 1266 sorti
620 1202 781 1266 insideant
823 1203 890 1268 Nou
912 1203 1033 1266 nomine
1055 1203 1184 1268 muudus

374 1311 430 1375 iiis
451 1331 612 1394 superesse
632 1312 720 1388 sinit,
742 1331 804 1376 uon
824 1312 882 1374 bos
904 1311 1076 1385 clementie,
1098 1333 1160 1376 non
1181 1314 1238 1378 bos

325 1463 327 1468 -
373 1421 493 1486 iustitie
515 1421 674 1500 indigueris
696 1430 789 1486 eust
830 1423 879 1487 bie
899 1421 984 1486 mitte
1005 1431 1161 1502 negantem

373 1530 463 1594 Plura
484 1530 568 1612 loqui
590 1549 682 1612 super
702 1531 766 1606 bis,
789 1532 843 1596 sed
863 1532 972 1614 raptim
993 1531 1136 1614 prospice
1157 1542 1187 1596 et
1208 1533 1286 1598 uiue

374 1641 432 1704 Fer
453 1658 584 1720 gressus.
629 1641 732 1706 Oculis
753 1641 891 1704 lustreuti
913 1659 1033 1704 currere
1054 1641 1173 1722 siqnuur

324 1761 358 1818 eo
373 1749 476 1812 Visum
498 1759 560 1824 est,
582 1761 703 1832 umque
724 1750 784 1814 eito
807 1750 957 1823 converti,
979 1760 1012 1814 ut
1032 1751 1113 1814 uuila
1134 1751 1264 1834 quietem

375 1861 487 1924 Caussa
509 1859 659 1924 videretur
679 1860 822 1924 suasisse.
864 1859 1018 1924 Exercitus
1040 1860 1147 1940 ingens

374 1969 458 2032 Pone
480 1970 661 2050 sequebatur
681 1979 742 2034 tam
763 1969 889 2044 densus,
911 1979 971 2032 tam
992 1969 1099 2036 ordine
1120 1971 1219 2050 longo,

374 2079 413 2142 Ut
433 2077 481 2142 rix
501 2080 595 2142 mittio
618 2089 663 2144 tot
682 2087 808 2146 mortem
829 2079 1035 2160 absumpsisse
1056 2089 1219 2162 putassem.

373 2190 517 2254 Noseenti
539 2189 684 2272 quosdam
706 2189 930 2271 speculentique
951 2187 1033 2252 iilius
1047 2190 1168 2263 umbra,

324 2312 358 2368 tt
375 2301 493 2364 Grande
513 2297 714 2364 ministerium
735 2299 786 2382 qui
808 2298 1025 2364 oeuoooveros
1044 2317 1159 2374 meurs,

375 2411 499 2493 Obiecta
520 2417 576 2474 est
618 2409 725 2474 Subito
747 2409 858 2490 potuit,
879 2409 1098 2490 manifesteque
1119 2409 1182 2472 visa

373 2521 433 2584 Res
456 2519 526 2594 fuit,
548 2519 667 2582 illorum
689 2521 748 2581 boe
768 2517 924 2582 bominum
946 2537 1038 2598 genus
1060 2537 1128 2582 esse
1149 2518 1343 2601 probrosum,

376 2630 510 2704 Quonam
532 2637 579 2691 est
599 2635 771 2709 pertaesum
791 2628 916 2708 Superis
937 2637 1026 2710 utque
1047 2629 1186 2692 hostibus
1206 2629 1327 2694 borum.

373 2738 456 2803 liaeo
476 2737 602 2812 misera,
623 2737 702 2800 baud
724 2736 786 2800 ulio
808 2755 884 2817 quae
907 2757 1037 2819 unquam
1058 2757 1131 2818 qens
1153 2747 1289 2820 tempore
1310 2737 1392 2814 vixit,

323 2863 358 2917 eo
374 2847 459 2910 Nuda
481 2855 547 2910 orat
566 2855 598 2910 et
617 2845 703 2910 saido
724 2847 959 2927 praegrandibus
981 2847 1168 2911 exsu’roulats

373 2957 499 3032 noscis,
521 2975 740 3037 vesparumque
761 2955 889 3030 acubus,
912 2957 998 3038 queis
1019 2975 1124 3022 carcer
1144 2957 1285 3022 mundat

372 3067 446 3132 Iilse
466 3065 624 3146 signabant
643 3065 692 3130 bis
711 3085 767 3130 ors
789 3083 896 3130 cruore
917 3066 1043 3132 cadente

373 3179 449 3240 bote
469 3176 579 3258 peries,
600 3175 730 3276 mistum
742 3175 875 3240 lacrimis
897 3195 987 3256 quem
1008 3176 1143 3241 emmine
1164 3177 1259 3241 denso

373 3285 479 3352 luissti
498 3305 628 3362 vermes,
651 3286 826 3351 foedissima
848 3286 949 3360 turbe,
971 3285 1119 3366 legebant

323 3405 357 3461 ιι
415 3397 549 3478 Cumque
569 3397 647 3460 ultre
668 3396 851 3478 aspicerem,
873 3395 973 3476 magui
993 3413 1091 3478 prope
1111 3394 1244 3462 fluminis
1265 3397 1376 3460 undem

372 3505 408 3570 ln
428 3505 495 3587 ripe
515 3505 623 3568 strutis
643 3505 704 3568 ridi
725 3504 819 3568 mrito
838 3505 957 3584 anuos
977 3503 1067 3585 ruiqi.

375 3615 475 3689 Quare
497 3633 570 3695 eqo:
592 3615 792 3696 Praeceptor,
815 3633 894 3678 nuuc
916 3615 948 3680 id
970 3615 1102 3682 concede
1124 3615 1252 3695 roganti,

374 3723 412 3800 Ut
432 3724 561 3800 discam,
583 3723 636 3805 qui
656 3723 733 3800 siut,
756 3743 834 3806 quae
853 3723 916 3798 lea,
939 3723 1027 3806 quive
1047 3723 1141 3788 eflicit
1163 3743 1245 3800 usus,

373 3834 412 3898 Ut
431 3851 500 3898 sese
522 3834 683 3896 ostendunt
703 3841 764 3898 taur
785 3833 889 3898 sridos
909 3833 1112 3900 transmittere
1134 3851 1265 3911 mersum

324 3945 358 3998 70
375 3943 482 4017 Quoad
502 3943 578 4008 mibi
598 3961 654 4024 per
676 3952 795 4008 tenuem
815 3944 903 4008 datur
924 3943 1128 4008 internoscere
1148 3942 1269 4008 lucensi

375 4051 484 4118 Omnis
504 4069 685 4133 cognosces,
707 4052 828 4118 debitor
848 4070 917 4118 coru
937 4052 1046 4118 sistere
1068 4073 1213 4134 messum,

373 4162 468 4238 Dixit,
488 4161 614 4226 coenosi
635 4161 737 4226 tristes
757 4162 935 4226 Arborootis
957 4164 996 4228 eti
1016 4181 1098 4227 oras.
1234 4197 1239 4204 ·

374 4271 460 4335 Tunc
480 4289 553 4352 eqo,
572 4271 734 4334 luminibus
755 4271 911 4348 demissis,
934 4291 987 4340 ora
1008 4273 1124 4355 putore

374 4381 507 4457 Subudi,
529 4389 667 4450 metuens
687 4399 726 4448 ne
740 4380 829 4448 -buoc
848 4381 990 4448 ulteriora
1011 4391 1176 4464 parerent,
