3116 5162
178 1840 288 1956 Vitae
311 1911 450 1956 emensus
473 1893 531 1956 iter
551 1893 682 1958 medium
705 1904 825 1958 nostrae
848 1895 880 1958 in
901 1896 967 1958 ioca
990 1899 1071 1958 sensi

176 2003 259 2066 Luco
282 2003 410 2065 obseura
432 2003 518 2082 nigro
540 1981 698 2084 delep'rus3
719 2023 788 2068 nam
808 2004 855 2066 ria
878 2013 959 2068 reeta

176 2113 338 2176 Exciderat
357 2121 467 2176 mente.
510 2112 590 2175 Heu!
616 2132 704 2193 quern
727 2133 777 2176 res
799 2123 846 2177 est
867 2115 941 2178 dura
963 2116 1085 2184 referre,

178 2223 284 2298 Qualis
307 2231 373 2285 erat
392 2222 465 2284 silva
489 2199 563 2297 ista,
586 2241 693 2286 cerens
715 2224 816 2298 cultu,
839 2243 961 2304 aspere,
986 2225 1089 2297 densa,

75 2334 77 2347 “
146 2328 338 2396 tremuntur
360 2333 446 2412 eujus
468 2343 593 2396 renovat
612 2352 697 2396 meus
719 2333 778 2396 icta
800 2351 952 2412 pavorem.

177 2441 251 2504 Tam
271 2441 346 2504 mibi
368 2459 468 2504 amere
490 2443 585 2516 venit,
608 2442 698 2524 paulo
721 2441 841 2524 utplus
863 2444 971 2506 afforet
989 2443 1056 2524 ipse

74 2577 76 2646 j
176 2557 323 2633 Aspeetus
345 2552 469 2626 mortis;
491 2571 594 2614 rerum
615 2563 662 2625 ut,
687 2570 768 2632 quae
784 2552 913 2632 plurima
934 2552 992 2631 legi

177 2661 296 2744 Optima
319 2661 377 2736 ihi,
400 2679 552 2734 enarrem,
576 2679 652 2741 quae
674 2660 735 2724 ridi
758 2660 920 2742 altissima,
943 2681 1088 2743 pangam.-

215 2772 324 2834 Dieere
346 2771 508 2844 nescirem,
532 2771 630 2851 qualis
650 2789 699 2834 me
720 2771 780 2834 huc
800 2771 901 2834 intulit
922 2790 1013 2844 error,

134 2893 161 2946 tt
176 2879 273 2944 Tanto
296 2898 352 2961 ego
374 2880 470 2943 rictus
493 2899 576 2944 eram
598 2899 722 2952 somno,
746 2899 805 2961 que
827 2890 962 2961 ternpore
983 2899 1083 2946 reram

174 2991 300 3054 Deserui
322 2991 391 3072 ipse
412 2990 499 3052 viem.
543 2989 603 3052 Sed
624 2994 785 3072 postquem
808 2989 895 3054 cellis
918 2991 955 3054 ed
979 2991 1038 3054 ima

175 3209 322 3283 Perierat,
346 3210 383 3271 ad
406 3211 539 3291 Superos
561 3209 701 3272 attollens
722 3209 852 3284 lumina,
874 3209 935 3272 vidi

174 3320 239 3382 Jarn
261 3331 345 3398 terga
367 3319 455 3381 istius
477 3316 571 3381 radiis
593 3319 695 3382 induta
717 3319 864 3399 planetae,
1016 3387 1018 3392 ,

133 3437 161 3490 15
177 3429 234 3502 Qui
257 3429 334 3508 pede
355 3428 505 3490 inoffenso
527 3427 632 3490 callem
655 3429 745 3492 docet
765 3427 810 3492 ire
832 3446 1037 3509 peromnem.

176 3538 225 3602 Sit
246 3538 321 3600 mihi
344 3547 415 3599 tune
437 3537 535 3617 aliqua
557 3537 686 3599 formido
709 3557 745 3600 ex
766 3547 852 3618 perte
875 3538 994 3619 quierit,

175 3647 207 3708 ln
228 3646 331 3710 cordis
354 3647 458 3710 durata
480 3647 562 3720 laen,
586 3649 754 3728 quatiente
777 3655 822 3710 tot
843 3667 964 3727 aegrum

176 3757 268 3820 Curae
292 3767 491 3820 externarum.
533 3757 572 3818 Et
593 3777 648 3820 ceu
671 3759 721 3838 qui
743 3758 842 3820 lassus
865 3758 1008 3821 anhelans

71 3894 72 3917 ι
174 3865 326 3948 Apelage
349 3867 385 3928 ed
409 3867 505 3946 ripam
527 3867 637 3940 evasit,
659 3866 733 3930 reda
756 3866 845 3947 plena
868 3866 992 3946 pericli

71 4046 73 4059 ⁸
129 3989 161 4042 tr
175 3975 322 4056 Respicit,
345 3975 594 4057 horrisonamque
616 3976 712 4040 oeulis
735 3976 800 4038 obit
820 3977 1034 4057 Amphitriten:

175 4085 223 4148 Sie
243 4103 325 4159 mea,
349 4105 426 4166 quae
449 4085 581 4166 fugiebat
601 4086 712 4160 adbuc,
735 4103 820 4148 mens
841 4105 928 4148 versa
950 4095 1114 4150 retrorsum
1136 4099 1192 4160 est,
1227 4169 1230 4176 Ι

175 4194 309 4258 Erratum
330 4195 468 4275 relegens
490 4197 613 4270 iterum,
636 4196 715 4258 unde
738 4213 890 4274 emergere
912 4196 986 4259 nulli

175 4303 244 4365 Viro
266 4323 397 4385 unquam
418 4305 512 4368 licuit.
556 4306 719 4386 Postquam
741 4304 882 4386 prolapsa
904 4306 1006 4370 labore

175 4413 302 4476 Membra
323 4414 502 4489 instaurari,
526 4433 574 4476 me
595 4433 650 4496 per
672 4415 790 4478 deserta
811 4415 926 4478 riarum

175 3093 258 3163 Veni'
271 3099 438 3163 claudentis
459 3099 580 3172 vallem,
604 3117 690 3179 quae·
703 3101 793 3162 eorda
816 3100 923 3162 timore

1293 3766 1296 3845 i

1292 4081 1295 4184 i

1293 4233 1294 4279 ι

1293 4342 1295 4373 ι

1178 4513 1216 4568 1*

564 4627 574 4632 -
586 4627 595 4632 -
607 4627 745 4636 -.-ι....-
755 4625 936 4634 .—0----—-·-—
946 4625 952 4630 -
968 4621 1147 4630 --——·-—-·-
1162 4625 1230 4634 —-
1239 4622 1296 4635 -..-·
