3142 5166
584 403 763 454 PURGRTORH
784 406 821 456 ib.

203 619 425 699 Conpositum,
447 619 533 684 loeus
554 638 633 682 unus
654 621 705 684 ubi
726 623 787 704 jam
810 623 941 705 quinque
963 626 1104 690 sedentes

201 729 264 790 Nus
286 729 494 810 conjungebat.
540 730 654 794 Tristes
677 751 736 813 qno
759 743 893 813 tempure
916 743 1041 814 questus

203 837 340 914 Orditur,
361 839 587 919 primumcum
609 859 696 904 mnne
717 841 864 916 rubescit,
887 845 1026 914 birundn,

201 949 276 1010 Fors
298 950 425 1012 memeri
449 951 589 1030 antiquos
612 969 733 1012 seruans
755 952 811 1012 sub
834 952 925 1015 eorde
947 947 1077 1028 dolores,

155 1057 321 1138 tulitque
344 1067 446 1120 nestra
467 1060 562 1138 magis
584 1077 669 1122 mens
692 1079 780 1122 carne
804 1061 900 1124 soluta
931 1064 1089 1145 minusque

200 1166 376 1247 lndupedita
398 1169 479 1247 graui
500 1169 646 1232 variarum
668 1171 803 1250 pondere
826 1191 934 1246 rerum,

201 1279 276 1340 bum
299 1297 353 1341 sua
374 1278 438 1340 visa
460 1278 545 1356 tegit,
570 1279 655 1359 quasi
677 1297 788 1340 numen
810 1281 919 1344 babere
941 1289 1075 1362 putatum

200 1387 234 1450 lu
257 1387 372 1451 somnis
393 1387 491 1468 aquila
514 1395 560 1450 est
580 1388 655 1450 mibi
677 1389 738 1451 visa
761 1408 797 1451 ex
818 1391 938 1453 aetbere
959 1391 1105 1472 pendens,

200 1497 371 1579 Suspensa,
394 1497 505 1560 auratis
526 1498 650 1578 plumis,
674 1489 789 1579 alisque
810 1508 909 1578 parata

152 1621 183 1674 su
199 1607 306 1670 Deiabi
327 1607 487 1688 expansis,
512 1616 540 1669 et
561 1607 603 1669 ibi
624 1607 696 1670 mibi
719 1608 825 1671 adesse
846 1609 977 1682 videbar,

199 1717 312 1798 bgrnen
335 1716 386 1780 ubi
409 1716 550 1778 uomitum
573 1717 771 1797 Gangmedem
793 1719 872 1780 tamn
894 1737 1017 1782 suorum

198 1826 375 1890 Deseruisse
398 1827 504 1900 refert,
526 1827 630 1889 Dirum
655 1845 714 1907 quo
737 1835 871 1908 ternpore
893 1835 995 1909 raptus

199 1936 254 1999 Est
275 1937 313 1999 ad
336 1937 506 1999 conuitium.
549 1936 710 1999 volvebam
731 1935 804 2000 talia
821 1957 959 2001 meeum:

197 2047 337 2110 Fortasse
359 2047 408 2108 bie
429 2045 526 2127 rapiat
547 2047 583 2108 de
606 2065 703 2120 mure,
726 2055 757 2109 et
777 2048 1002 2110 toruuuuneo

149 2167 182 2220 25
196 2155 359 2235 Dedignatur
381 2155 458 2236 pede
480 2164 527 2218 est
547 2156 666 2218 aliunde
688 2156 836 2220 abducere
858 2157 1015 2236 praedam:

197 2265 312 2330 Deinde
333 2265 488 2328 ridebatur
509 2266 610 2347 punite
631 2266 725 2345 magis
747 2266 789 2328 ire
811 2267 947 2339 rutundo,

197 2375 414 2456 'terribilisque
435 2376 514 2438 reiut
536 2376 634 2454 fulgur
655 2376 852 2450 descendere,
876 2394 984 2456 meque

198 2485 372 2565 Cur-ripere,
394 2493 483 2566 atque
506 2485 605 2564 ignem
626 2505 675 2549 me
698 2487 830 2548 attollere
852 2485 888 2548 ad
911 2505 1006 2566 usque
1028 2503 1200 2566 supernum,

196 2595 293 2675 Atque
316 2595 357 2656 ibi
379 2613 447 2658 uum
469 2595 581 2657 reineri
604 2595 690 2658 simui
714 2597 778 2676 ipse
800 2597 906 2658 ardere
927 2595 1049 2658 uidebar

149 2717 181 2769 att
196 2705 261 2768 tam
284 2705 357 2767 mibi
384 2713 415 2768 et
436 2705 565 2768 iuuandi.
608 2707 709 2787 Usque
731 2707 806 2768 aden
828 2723 876 2768 me
899 2706 977 2768 unxit
997 2707 1104 2785 imago,

89 2813 91 2816 ’
197 2813 319 2893 Fugerit
339 2827 373 2877 ut
394 2833 528 2890 sumnus,
552 2833 605 2879 sua
627 2834 767 2895 rumpere
787 2816 883 2878 vinela
905 2823 1036 2878 coaetus.

238 2925 306 2987 Non
328 2923 429 2998 aliter,
453 2943 558 2989 sumno
582 2924 722 3006 expulso,
744 2924 876 2988 vertebat
895 2925 1026 2988 uchittes

196 3033 347 3114 Evigdens
368 3034 472 3097 uenies
496 3035 622 3109 nircum,
646 3053 719 3116 ques
740 3041 875 3115 tangeret
896 3054 964 3098 uras

196 3143 341 3219 Nescius,
363 3144 444 3208 buna
464 3152 560 3206 mater
580 3151 739 3225 postquam
761 3153 961 3226 asportaverat
983 3154 1067 3208 antro

147 3259 180 3314 35
195 3253 383 3335 Pbilgridae,
406 3263 437 3316 et
458 3273 564 3316 sumuu
586 3255 755 3318 demersum
777 3250 934 3318 advexerat
954 3254 1032 3318 ulnis

195 3363 265 3445 ipsa
287 3364 350 3426 suis
372 3365 511 3444 Scyrum,
535 3364 613 3428 unde
636 3366 704 3426 exin
726 3366 865 3428 dicuutur
884 3363 988 3426 bubivi

195 3473 363 3537 abduxisse
385 3475 499 3550 virum3
522 3493 610 3556 quarn
632 3475 750 3538 turbida
771 3475 882 3538 lumina
903 3474 994 3555 pandi

194 3583 347 3646 Exuussns
369 3583 469 3648 subite
492 3585 625 3664 fugiens,
647 3584 700 3646 ubi
722 3584 855 3647 membra
876 3583 997 3664 reliquit

196 3694 344 3768 Somnus,
368 3703 397 3757 et
418 3695 569 3776 expallens
591 3695 691 3770 haesi,
713 3696 818 3776 utqui
840 3696 959 3758 territus
982 3693 1068 3772 alget.

145 3811 178 3864 tu
197 3804 317 3884 Quique
338 3803 411 3866 mihi
434 3804 568 3868 solamen
591 3814 663 3879 erat,
685 3806 889 3868 tantummode
912 3805 994 3866 solus

194 3912 343 3976 Haerebat
364 3913 471 3988 tatere,
495 3921 525 3994 et
546 3914 597 3978 Sol
616 3915 679 3997 jam
700 3923 890 3996 processerat
909 3914 999 3976 buras

194 4023 301 4086 Plures
323 4041 413 4104 quam
435 4022 536 4099 binas,
559 4033 591 4087 et
611 4037 667 4104 ego
687 4043 769 4088 mare
791 4023 1029 4106 prospectabam.

235 4133 329 4196 Parae
351 4141 446 4208 metu,
470 4135 543 4198 nixu
564 4135 615 4216 qui
637 4135 695 4196 dux
718 4135 915 4214 dominusque
937 4132 1078 4212 praeibat,

193 4242 345 4324 Spemque
368 4243 450 4316 iure,
474 4244 504 4306 iu
526 4253 588 4309 tastu
612 4265 679 4308 utun
700 4263 749 4306 res
772 4253 818 4308 est
839 4251 954 4315 nostra,
973 4241 1105 4322 jubeque

142 4355 173 4408 ⁴5
191 4351 259 4414 Nou
281 4371 436 4435 premere,
459 4360 488 4416 at
509 4365 630 4418 cunetas
653 4355 783 4418 animum
804 4352 971 4416 diffundere
993 4353 1080 4414 vires.
