3224 5166
101 426 105 550 i
605 417 785 469 ΝΙΗΒΔΤΟΒΙΙ
802 419 840 468 te.

101 597 105 644 ¹
181 637 385 716 letitiamque
407 643 495 696 mens
516 635 611 697 ccuiis
633 644 719 716 atque
741 637 872 716 undique
890 637 1155 718 circumspectans,

229 746 378 826 Multaque
400 744 577 824 premittens
599 764 616 806 a
635 745 754 807 cunctis
775 746 850 808 liber
871 746 996 810 abibam

271 855 328 917 Hic
349 857 519 924 marsus,
540 853 592 932 qui
606 853 671 916 sub
693 856 754 916 iera
774 854 895 919 brachia
916 852 1004 918 Germ

230 965 272 1026 lie
294 964 394 1025 ricco
416 963 570 1036 occubuit,
592 963 666 1036 vidi,
690 963 801 1042 quique
822 965 931 1043 impete
953 981 1046 1027 ecem

231 1073 340 1136 Hostes
362 1073 433 1134 dum
454 1072 638 1150 insequitur,
660 1072 831 1152 subjectum
849 1073 953 1152 lapsus
974 1075 1004 1135 in
1027 1094 1142 1138 amnem

184 1196 214 1248 tt
231 1182 395 1244 interclusa
415 1182 512 1244 auiura
533 1181 630 1260 periit.
673 1181 729 1242 iiic
750 1197 818 1244 carm
839 1200 928 1261 praee
949 1183 1057 1246 Nande

231 1290 375 1354 Attollens
396 1292 510 1370 palium
531 1291 691 1352 Famarcus
714 1299 854 1370 utrasque
876 1292 1044 1362 Narseum.

232 1401 293 1462 Nec
315 1419 375 1461 non
393 1401 522 1462 Pisanus
546 1407 684 1473 testatus,
707 1409 828 1480 pectere
851 1401 920 1462 icrti

231 1508 411 1572 triuncem
433 1509 595 1572 eminuisse
616 1508 744 1580 benum,
767 1509 917 1585 tardabam
940 1519 970 1572 et
990 1510 1061 1572 Uest

231 1619 297 1680 Vidi
319 1618 445 1680 animam
467 1618 602 1691 camitis3
624 1618 834 1699 disjunctaque
855 1637 982 1698 eurpnre
1004 1619 1042 1681 eb
1064 1621 1138 1682 uam

181 1740 215 1792 att
232 1727 336 1808 Atque·
349 1745 449 1790 acrem
469 1727 623 1800 invidiam,
646 1727 723 1790 sicut
744 1728 875 1799 dicebat,
898 1737 926 1790 at
948 1729 1006 1790 ulla

231 1837 351 1916 Absque
374 1855 427 1900 sua
449 1835 551 1916 cripe,
573 1836 661 1898 nobis
683 1837 892 1900 anima-altera
911 1838 992 1900 venit

232 1946 334 2008 Obvia.
368 1945 439 2024 *Ege
461 1945 584 2007 Parrus
603 1945 797 2008 Bmecsmn
820 1946 901 2008 hunc
922 1965 991 2008 esse
1011 1946 1151 2010 monebo.

231 2060 326 2136 Atque
348 2054 399 2116 hic
419 2063 608 2134 praecaveat,
631 2065 771 2134 superest
791 2057 861 2118 dum
883 2056 954 2126 rita.
977 2055 1131 2120 Baiarum

232 2165 358 2243 Regina,
382 2183 416 2226 ec
436 2163 561 2234 videat..
575 2181 613 2226 ue
634 2164 719 2245 pejor
740 2183 774 2226 se
795 2173 913 2228 maneat
933 2181 1012 2240 grex,

180 2282 214 2334 Ἃ
274 2273 361 2336 Omni
382 2291 430 2336 me
451 2282 612 2352 postquem
633 2273 755 2334 dissolvi
778 2275 909 2336 exercitu
930 2293 1031 2336 earum

107 2428 110 2453 .
231 2382 405 2444 Umbrarum
428 2389 580 2454 enacmin,
602 2391 636 2444 ut
655 2384 789 2462 requiem
810 2383 868 2446 eibi
889 2383 1025 2462 supplice
1046 2403 1118 2447 roca

234 2492 361 2554 Orarent
380 2492 451 2564 aiii,
474 2491 513 2554 ub
536 2509 624 2571 quam
647 2494 756 2555 uncus
778 2513 845 2554 esse
867 2493 968 2555 liceret

234 2601 343 2670 Ocius,
365 2601 415 2662 hic
436 2601 537 2680 coepi:
561 2600 587 2661 0
609 2619 675 2664 mea
696 2601 760 2674 lux,
784 2603 923 2664 decuisse
943 2602 1060 2664 vitietur

234 2711 363 2772 Omnino
385 2719 434 2772 tua
455 2711 538 2772 Mersa
559 2711 626 2772 icco
648 2727 709 2774 neu
727 2729 821 2790 nesse
842 2713 993 2790 precando

182 2828 216 2881 aa
233 2821 303 2882 Fata
325 2820 378 2882 Dei
400 2821 495 2892 ilenti;
518 2827 615 2881 umen
636 2820 667 2882 id
690 2821 841 2898 gessisse
862 2820 995 2898 rugabat.

234 2929 354 2990 Frustra
377 2947 448 3006 ergo
470 2929 501 2991 iri
522 2925 667 3007 sperent?
689 2930 733 2992 An
755 2947 816 2990 nen
835 2928 914 2990 berre
937 2929 1047 3010 scripta
1068 2938 1224 3008 patescunt

233 3038 272 3099 nt
295 3035 366 3101 tua?
387 3069 428 3082 ·-
450 3040 487 3101 tt
508 3039 536 3099 is
558 3045 676 3100 centra:
699 3039 731 3101 Si
754 3038 993 3117 contemplabere
1014 3057 1086 3100 sana

234 3147 305 3208 Rem
328 3149 446 3227 penitus
467 3157 582 3220 mente,
605 3154 652 3209 cat
673 3148 768 3210 isciiis
790 3147 955 3226 plenusque
978 3166 1110 3209 meorum

235 3257 419 3336 Scriptorum
442 3275 566 3326 seusus,
588 3274 686 3336 neque
708 3275 761 3318 ens
783 3275 854 3334 spes
877 3255 951 3316 ludit
972 3257 1079 3318 inanis.

108 3424 111 3450 ,
182 3376 216 3429 tte
233 3365 365 3444 Namque
387 3365 467 3429 hand
489 3365 643 3430 descendit
663 3365 805 3445 majestas
826 3383 941 3426 summa
963 3367 1084 3444 superni
1171 3387 1173 3390 ·
1229 3344 1234 3358 x

232 3475 357 3549 iudicii,
380 3475 450 3538 duur
473 3475 562 3538 cerda
583 3493 678 3539 urens
697 3476 742 3536 vis
763 3475 850 3552 ignea
869 3475 995 3535 ameris-

234 3584 298 3646 Unu
320 3585 381 3646 ictu
403 3584 549 3656 absolvat,
572 3584 652 3664 quod
671 3585 776 3664 jussus
798 3582 913 3646 scivere
935 3583 1032 3652 debet.

235 3692 412 3773 Quicunque
429 3695 482 3764 ¹hic
504 3693 640 3758 subtilat
684 3693 745 3756 Seu
765 3701 798 3755 ut
819 3701 866 3755 est
886 3693 1046 3762 maenus,
1060 3683 1156 3764 ,nenio

234 3801 317 3893 Vitae
339 3803 516 3866 emendabat
536 3803 642 3866 veteris
664 3803 819 3864 malefacta
840 3803 1007 3881 precandc;

183 3923 218 3974 te
234 3911 368 3991 Namque
389 3913 452 3974 lien
474 3913 651 3976 immensum
673 3913 845 3993 sejunxerat
866 3911 1048 3974 intervalium

108 3989 112 4112 i
237 4020 387 4082 Orantem.
428 4023 467 4084 At
488 4041 559 4086 reru
581 4022 672 4084 tantia
694 4021 821 4084 ebducu
841 4019 973 4082 mnebris

108 4117 112 4214 1
234 4128 316 4190 Dicta
338 4147 444 4200 arcam
465 4131 537 4194 mihi
559 4149 598 4192 ne
620 4129 744 4192 nhfiuua
766 4138 845 4192 certa
866 4139 979 4207 putare,

109 4221 112 4273 ¹
233 4237 269 4299 n'i
292 4239 375 4318 prius
398 4241 428 4304 id
448 4241 570 4310 deceat.
595 4259 671 4319 ques
692 4240 743 4302 iux
763 4240 853 4302 micat
874 4239 952 4300 inter
973 4246 1126 4316 utramque

233 4347 302 4409 Veri
324 4348 474 4427 animique
496 4349 589 4412 iucem
613 4347 719 4410 nestri.
761 4351 856 4427 Atque
879 4347 927 4408 hic
950 4347 1069 4414 nescio,
1092 4365 1129 4406 an
1151 4347 1229 4407 istud
