3136 5164
614 408 749 461 reninis!
767 411 784 461 Ι.

709 1610 807 1736 Ι..

89 678 92 715 i

89 744 91 813 i

88 868 91 921 i

88 936 91 1023 i

88 1060 90 1107 t

86 1126 89 1171 ι

87 1240 89 1303 i

86 1346 89 1383 i

86 1620 88 1664 t

85 1829 88 2003 Ι
194 1798 300 1912 lilios,
323 1839 373 1918 qui
397 1846 502 1900 cuncta
522 1845 630 1912 movet,
654 1855 842 1919 qtrocnmquo
864 1846 999 1919 penetrat

195 1949 303 2022 Gloria,
326 1949 454 2028 piusque
476 1947 519 2010 iiii
540 1949 617 2028 parti
639 1947 727 2022 cedit,
749 1949 848 2010 minus
870 1948 913 2009 iili

194 2059 236 2120 De
258 2058 419 2138 splendore
441 2075 508 2120 sno.
552 2058 639 2132 Quod
660 2057 728 2138 plus
750 2057 868 2120 deducit
890 2057 926 2120 sb
948 2058 1014 2138 ipso

194 2149 293 2240 Lucis,
317 2185 372 2245 ego
395 2167 511 2230 eoelum
532 2167 638 2230 deveni
660 2185 694 2230 nc
715 2168 783 2230 telis
804 2167 873 2241 ridi,
900 2203 908 2216 ·

162 2284 177 2338 t
195 2277 300 2350 Qualia
321 2295 377 2338 nec
399 2277 464 2350 soit,
487 2294 543 2338 nec
564 2275 645 2357 potis
667 2285 714 2338 est
733 2295 864 2356 unquam
886 2276 956 2338 inde
977 2293 1114 2338 reversus

193 2385 308 2448 Dicere.
350 2385 485 2466 Namque
506 2385 623 2448 animus
645 2385 786 2448 desiderii
808 2403 903 2467 prope
925 2402 1070 2446 summam

193 2495 357 2568 secedens,
379 2503 474 2556 totum
494 2503 565 2557 tnnc
586 2513 655 2556 seso
676 2494 808 2558 immittit
829 2497 861 2558 in
881 2494 970 2567 istud,
992 2553 997 2562 .

193 2605 230 2666 Ut
251 2623 337 2666 mens
358 2613 460 2666 nostro
483 2605 569 2684 sequi
590 2612 729 2684 repetens
751 2622 812 2666 non
833 2605 931 2684 possit
952 2611 1079 2676 cuntem.

193 2713 311 2787 Verum,
335 2731 409 2794 quae
431 2714 515 2794 potui
537 2713 574 2776 de
596 2723 698 2776 sancto
721 2715 852 2778 condere
872 2729 964 2793 regno

147 2837 178 2888 lt
192 2824 301 2897 Mente,
323 2823 398 2884 hoec
420 2823 573 2885 materiam
594 2823 779 2904 praebebunt
803 2823 942 2886 comninis
964 2823 1055 2884 ausis.

235 2933 422 2995 Postremum
443 2934 532 3006 hunc,
554 2932 633 2995 bone
654 2933 771 3012 Apollo,
792 2933 866 2994 mihi
887 2932 1020 2996 concede
1040 2931 1182 3008 laborem,

193 3043 286 3105 Effice
308 3061 415 3122 meque
438 3051 487 3104 tna
509 3061 560 3104 ros
582 3041 629 3104 sic
648 3042 754 3106 virtute
775 3042 930 3122 repletum,

192 3153 231 3214 Ut
250 3153 338 3232 petis,
361 3171 397 3214 er
418 3151 501 3214 lauro
522 3152 596 3213 mihi
618 3161 713 3214 nmetn
735 3162 814 3214 serto
835 3152 968 3214 dntcnns.

194 3263 245 3325 Sat
266 3260 354 3324 nobis
375 3270 507 3324 tentasse
525 3261 631 3342 jugum
653 3262 709 3324 init
728 3262 872 3324 hactenns
893 3277 986 3322 unum

146 3386 176 3441 15
193 3372 349 3447 Parnassi3
369 3370 517 3451 reliquum
540 3380 587 3434 nst
608 3390 684 3452 opus
706 3381 754 3434 est
773 3371 863 3433 modo
884 3371 960 3432 inire
981 3387 1037 3450 per
1056 3369 1144 3450 emim

194 3482 347 3561 Campum.
389 3481 451 3543 linc
472 3481 566 3544 intres
586 3499 653 3543 mes
676 3489 806 3561 pectora,
828 3489 920 3561 tuque
941 3487 1047 3560 poetae

192 3590 329 3670 Adspice,
352 3589 459 3670 qualis,
482 3609 549 3652 cnm
572 3599 600 3653 to
621 3589 690 3652 tulit
709 3591 838 3671 impetus
859 3589 941 3662 olim,

192 3700 321 3763 Audacis
343 3701 438 3780 Satyri
459 3699 563 3779 regins
585 3699 716 3780 diripere
737 3709 827 3762 ortus.

193 3809 219 3872 0
240 3811 332 3872 virtus
354 3809 462 3881 divine,
484 3827 568 3871 mone
589 3809 617 3871 si
638 3819 670 3872 tn
692 3810 799 3872 annuis
820 3809 876 3870 orti

142 3929 177 3980 tt
192 3919 293 4000 Usque
315 3919 399 3992 adeo,
421 3927 455 3980 nt
475 3937 531 3999 per
550 3936 609 3992 me,
633 3937 708 3998 quac
730 3927 788 3982 stat
808 3919 922 3997 signato
944 3916 1023 3980 beati

192 4029 227 4090 ln
250 4027 346 4107 capite
367 4027 471 4090 umbra
493 4047 561 4092 meo
582 4029 676 4107 regni,
697 4027 854 4090 manifeste
875 4035 1024 4106 patescet;

191 4138 235 4199 nc
257 4137 311 4202 mi
333 4119 458 4200 coecos
479 4155 578 4200 ramos
600 4135 906 4218 proponentem,

191 4245 360 4310 Frondihns
383 4256 473 4328 atque
494 4247 554 4310 tuis
575 4266 623 4310 me
643 4255 707 4310 tum
729 4247 923 4328 praecingere
944 4246 1081 4319 frontem,
1208 4243 1212 4252 '

193 4357 287 4432 Qneis
309 4364 340 4420 et
360 4357 483 4420 materis
504 4364 533 4418 et
555 4365 587 4418 tu
607 4375 656 4420 mo
678 4357 801 4436 dignum
822 4373 890 4416 esse
910 4351 1040 4434 putabis.

37 4467 40 4481 .
82 4476 84 4487 .
