3144 5164
315 372 378 434 334
766 371 900 422 nunaunt
919 371 986 422 xrrr.

581 463 834 472 -—-„-......-.-
842 463 880 471 ··
1093 463 1231 472 ··——----—
1247 465 1471 478 -—..—„,
1479 452 1496 478 ,ι

863 656 963 738 llll.

424 810 536 884 Qualis,
558 810 610 874 ubi
633 810 787 873 Climenen
802 809 886 883 adiit,
908 808 966 872 sibi
987 809 1112 889 pignora
1135 817 1217 872 certa

380 921 554 1000 Exposcens
576 929 679 983 contra
702 921 821 999 linquae
843 917 977 980 convicia
1000 916 1135 990 acerbae,

382 1030 439 1105 Qui
462 1030 565 1093 docuit
585 1029 666 1092 natis
687 1029 785 1092 minus
808 1028 961 1108 indulgere
982 1035 1141 1108 parentes:

380 1140 461 1202 Talis
483 1159 564 1202 eram
585 1158 620 1203 ae
642 1139 728 1200 talem
751 1157 799 1201 me
822 1145 956 1200 senserat
977 1156 1044 1202 esse
1065 1137 1209 1208 Basrurr,

346 1249 422 1313 sto
444 1257 578 1312 sanctum
600 1249 709 1322 lumen,
733 1248 811 1328 quod
832 1266 888 1328 pro
910 1267 958 1310 ms
980 1255 1151 1310 excesserat
1171 1246 1248 1309 ultro

378 1359 456 1421 Sede
479 1379 542 1422 sua.
587 1359 693 1432 Quare,
717 1375 792 1438 quae
814 1358 874 1420 dux
893 1356 967 1419 milri
990 1363 1020 1420 et
1040 1356 1150 1419 arbitra
1172 1355 1284 1419 stabat:

377 1469 485 1531 Eructa
507 1469 656 1530 dammam
678 1467 777 1536 studii,
802 1467 882 1547 quod
903 1473 1028 1545 pectore
1048 1485 1160 1538 versas,

379 1579 463 1650 lliriu
487 1585 517 1640 et
538 1585 674 1658 erumpat
695 1577 810 1656 signata
833 1577 1037 1657 impressaque
1061 1575 1138 1639 clare

377 1686 521 1750 luter-iore
544 1696 629 1768 typo:
651 1705 712 1750 non
735 1686 815 1766 quod
837 1685 997 1767 quidquam
1020 1684 1131 1750 addere
1152 1695 1274 1750 nostm

329 1806 362 1858 tn
378 1797 505 1860 Notitiae
526 1816 583 1878 psr
601 1797 691 1860 rerba
713 1813 813 1876 queas,
837 1804 867 1857 at
888 1804 921 1856 ut
942 1796 1009 1876 ipse
1030 1813 1152 1858 strescas

377 1907 523 1969 Enarraro
545 1907 635 1980 sitim,
658 1907 754 1969 donec
775 1906 843 1986 quis
864 1905 990 1968 misceat
1008 1905 1128 1968 undam.

379 2015 404 2078 0
427 2016 532 2079 dilecta
555 2017 637 2089 milri,
660 2033 735 2096 quac
758 2016 802 2078 sio
824 2015 973 2090 extollere,
996 2015 1104 2095 planta,

377 2128 424 2201 Ut,
446 2126 536 2189 veluti
558 2145 643 2189 mons
665 2134 767 2188 nostra
789 2125 869 2188 videt
889 2144 950 2188 non
972 2143 1063 2206 posse
1085 2125 1260 2206 triquotmm

376 2237 469 2299 Binos
491 2237 626 2316 occipere
648 2235 783 2310 obtusos,
805 2235 846 2298 ita
867 2245 984 2300 cuncta.
1005 2235 1181 2316 priusquam

328 2349 360 2406 15
376 2347 530 2420 Eveniant,
552 2354 676 2408 ventura
695 2346 787 2418 vides,
810 2353 898 2426 atquc
920 2345 1026 2406 ordine
1048 2345 1156 2416 cernis,

375 2457 411 2519 ln
432 2467 574 2537 punctum
596 2454 770 2535 inspiciens,
794 2473 854 2535 quo
876 2463 1011 2534 tempora
1033 2454 1214 2518 conuenere!

376 2566 461 2628 Tune
483 2584 550 2630 oum
572 2567 708 2626 Vraorero
728 2565 848 2646 iunctm
868 2564 992 2643 vestigia
1013 2565 1085 2627 traxi

374 2675 434 2736 Per
454 2684 606 2738 curantem
628 2676 742 2738 animas
761 2683 894 2736 montom
914 2693 949 2736 ao
970 2692 1025 2753 per
1045 2683 1161 2738 mortus
1182 2693 1284 2755 regna,

375 2783 465 2846 llulta
487 2785 559 2846 mihi
583 2786 681 2864 gravia
702 2785 800 2848 audiri
822 2783 859 2846 de
881 2791 962 2846 sorte
986 2784 1102 2848 lutrrrae

324 2911 359 2964 qq
375 2893 473 2968 Vitae;
495 2894 552 2956 etsi
573 2891 682 2956 invicto
704 2893 805 2956 ridear
825 2894 898 2956 mihi
919 2892 1028 2956 roboro
1049 2902 1152 2975 septus

205 3062 208 3071 ,
334 3045 338 3056 ·
373 3003 454 3066 lotus
476 3003 612 3066 fortunae
634 3012 748 3065 eontra.
792 3004 891 3077 Quare
912 3005 970 3067 ista
991 3013 1124 3068 maneret

374 3113 451 3176 Cura
473 3112 545 3176 satis
566 3120 704 3176 contenta
726 3113 811 3187 milri,
831 3114 858 3176 si
881 3115 998 3179 dissero
1019 3114 1114 3191 detur,

374 3224 458 3299 Ome
481 3223 554 3284 mihi
576 3223 633 3286 lata
655 3223 781 3298 instent3
804 3224 950 3304 siquidem
974 3225 1108 3305 praevisa
1130 3225 1236 3304 sagitta

373 3333 422 3396 Fit
442 3333 571 3396 violenta
591 3333 700 3396 minus.
745 3334 818 3396 Luci
840 3335 885 3396 sic
907 3343 974 3398 auto
995 3334 1112 3397 locutae

322 3450 355 3506 25
371 3443 447 3516 Dixi,
469 3443 627 3505 consessus
649 3444 778 3506 studium
799 3451 889 3524 prout
910 3463 962 3506 ors
983 3445 1115 3506 Bssrarx

371 3551 514 3614 lusserat.
559 3552 704 3618 Obscuris
723 3553 803 3616 haud
824 3554 875 3616 ills
897 3552 1071 3630 ambagibus
1093 3573 1147 3616 usa
1169 3560 1218 3616 est

369 3661 507 3724 Assuetis
529 3661 661 3726 animum
682 3664 761 3743 mlgi
783 3673 910 3744 captare,
932 3664 1106 3746 priusquam

369 3770 478 3833 lnsons
500 3771 620 3850 indigua
641 3773 800 3836 clausisset
820 3774 932 3838 lumina
954 3781 1050 3836 morte

369 3881 470 3960 dgnus
492 3881 619 3954 divinus,
643 3884 693 3962 qui
714 3883 792 3946 tollit
813 3884 936 3946 erimina
958 3882 1079 3956 mundi;

319 3997 354 4052 td
368 3991 407 4052 At
428 3989 518 4052 elaris
541 4009 612 4053 usus
635 3992 733 4054 verbis
754 3993 953 4073 brevibusque
977 4001 1120 4072 paternus

369 4082 428 4164 llle
445 4118 529 4163 amor
550 4100 682 4163 inclusus
703 4104 826 4183 proprio
850 4112 879 4166 et
901 4123 954 4165 sua
975 4102 1081 4180 gaddis
1103 4103 1165 4163 risu

367 4211 569 4292 Praeportans
592 4210 676 4273 inlit:
699 4213 851 4293 Quidquid
875 4211 1025 4291 continget
1047 4210 1077 4274 in
1098 4211 1188 4273 horas

369 4321 524 4394 venturas,
545 4330 661 4384 restrae
683 4322 763 4403 quod
785 4341 846 4386 uon
868 4341 902 4386 su
924 4321 1049 4404 porrigit
1070 4329 1153 4384 extra

248 4480 1473 4534 --------------2
