3144 5164
589 377 723 430 Pttlutst
741 379 799 429 XXl.

192 593 327 674 sphaera
348 601 440 668 tenet,
463 613 587 658 caussas
608 595 649 658 olr
670 615 745 676 quas
768 596 899 661 tenuime
920 595 1053 662 Baarmx

143 713 175 766 tlt
192 704 246 766 Est
267 705 322 766 tihi
343 705 407 768 risa
428 705 513 785 prius
534 705 638 769 risum.
683 706 902 769 Tantummodo
924 705 1008 786 lapsa

191 816 264 877 Sum
287 824 409 878 sanctae
430 814 573 892 gradibus
595 815 704 889 scalae,
727 815 781 878 tibi
804 827 837 878 ιιι
858 815 944 878 obvia
966 818 1036 880 liam

192 925 311 987 Laetius
333 923 487 1004 occipiens
508 924 616 998 verbis,
639 944 684 999 ac,
707 943 766 1005 quo
788 924 906 998 induor,
929 925 1007 1004 igne.

190 1035 253 1098 Nec
274 1034 349 1096 milri
370 1032 416 1095 ris
437 1035 536 1117 major
555 1051 750 1114 praecurrere
773 1034 868 1098 suasit
890 1035 1017 1110 amoris;

191 1145 306 1206 Tantus
329 1143 418 1217 enirn,
440 1144 594 1224 majorque
617 1144 732 1208 animas
754 1144 817 1222 agit
837 1151 915 1206 astra
938 1152 1074 1206 torrentes

143 1267 176 1321 tt
190 1254 309 1322 Aestus.
331 1262 365 1316 ut
385 1273 420 1316 ex
441 1253 558 1332 fulgore
579 1263 662 1333 patet
682 1253 828 1334 cujusque
848 1253 996 1316 micantis.

190 1366 228 1426 Αι
251 1365 302 1444 qui
323 1381 458 1426 summus
480 1381 565 1424 autor
585 1362 710 1426 famulas
731 1381 789 1424 nos
811 1381 879 1424 esse
900 1371 1021 1442 paratas

192 1472 326 1539 Consilio
348 1473 492 1546 hortatur,
516 1472 596 1552 quod
618 1471 727 1550 digerit
748 1472 848 1534 omnia
870 1472 977 1544 solum,

191 1583 248 1646 llat
269 1590 367 1644 sortes
390 1582 492 1656 isthic,
515 1581 619 1662 quales
642 1581 695 1644 tihi
718 1598 840 1644 cernere
862 1581 908 1644 las
931 1590 987 1646 est.

233 1693 304 1772 lpse
327 1692 448 1772 quidem
468 1691 566 1766 rideo,
588 1690 742 1771 respondi,
764 1709 849 1752 sacro
869 1689 1002 1764 lucerna,

143 1810 176 1866 td
193 1802 350 1876 Quomodo
372 1802 450 1864 liber
471 1819 556 1864 amor
577 1799 651 1864 satis
673 1800 731 1863 ista
752 1809 857 1879 regnet
877 1801 909 1864 iu
931 1800 1007 1875 aule

191 1912 229 1974 Ut
249 1911 345 1991 legem
367 1921 506 1976 aeternae
528 1909 652 1974 rationis
675 1918 780 1972 cuncta
803 1917 981 1990 sequentum

191 2022 245 2084 llst
266 2022 347 2084 istud
369 2021 444 2084 milri
466 2020 589 2084 dillicile
611 2028 658 2082 est
679 2036 876 2098 cognoscere,
899 2038 993 2099 quare

192 2131 235 2192 'le
258 2131 335 2193 ratio
356 2138 611 2216 ventura-parans
633 2129 837 2216 praedestinet
857 2147 948 2194 unam

192 2240 252 2302 'lot
272 2240 326 2302 tibi
349 2249 505 2304 consortes
527 2240 614 2313 inter,
638 2257 714 2320 quae
735 2256 859 2302 munere
882 2237 932 2302 toli

145 2366 177 2419 ro
192 2345 362 2427 Fungaris?
376 2383 418 2394 —
439 2349 578 2414 Nondum
601 2351 715 2413 luerem
736 2355 887 2428 postrema
908 2349 1055 2429 prolatus,

193 2459 267 2522 Cum
289 2469 374 2540 parte
396 2479 450 2523 usa
472 2459 519 2523 sui
542 2479 596 2541 pro
619 2468 721 2544 centro
744 2457 794 2520 illa
817 2458 903 2538 ignea
925 2458 1049 2540 lampas,
1087 2501 1093 2512 ·

193 2569 253 2632 Ceu
275 2569 363 2642 mola,
386 2568 481 2634 veloci
503 2589 538 2632 se
558 2569 672 2632 circum
694 2567 811 2632 turbine
832 2567 928 2630 vertit

234 2678 321 2752 Exin,
337 2678 418 2742 intus
434 2697 525 2742 amor
546 2679 597 2760 qui
618 2679 725 2751 stabat,
748 2677 818 2740 talia
840 2677 953 2740 reddit:

192 2788 315 2851 lliriuae
336 2787 439 2852 radius
460 2789 537 2852 lucis
558 2807 651 2868 super
672 2788 770 2855 adstat
790 2795 876 2852 acute

145 2909 176 2966 td
194 2897 354 2960 lusinuans
375 2897 435 2972 isti,
458 2898 544 2981 cujus
566 2897 731 2962 concludor
752 2899 784 2960 in
805 2897 881 2968 alvo.

194 3007 245 3069 Vis
266 3007 357 3090 hujus
378 3007 537 3088 conjuncta
559 3026 654 3082 meae,
677 3027 735 3090 qua
757 3016 875 3072 caetera
897 3025 997 3081 corno,

192 3117 293 3198 Usque
314 3118 391 3180 odeo
413 3136 504 3199 super
525 3118 637 3182 extollit
659 3137 717 3194 me,
737 3127 772 3181 ut
792 3116 924 3181 numinis
945 3133 1023 3190 esse,

192 3227 278 3290 Unde
299 3235 436 3290 emuncta
458 3228 547 3302 teuit,
568 3228 695 3292 rideam.
738 3227 816 3290 llinc
837 3243 904 3290 mea
925 3225 1031 3301 gaudia
1053 3225 1221 3303 flammeum

190 3335 327 3417 Namque
349 3337 424 3400 mihi
444 3338 525 3402 risus
546 3338 637 3412 acies,
661 3336 759 3418 quoad
782 3337 869 3409 clara,
892 3333 1041 3398 redundat

144 3456 177 3512 ιι
192 3446 295 3527 dequo
318 3447 509 3526 splendorem
531 3449 679 3512 flammae.
722 3447 781 3512 Sed
804 3447 841 3510 da
863 3445 936 3508 mihi
958 3445 1092 3526 quamvis

192 3556 227 3618 ln
249 3555 343 3617 coelis
366 3557 505 3632 animam,
528 3577 605 3639 quae
627 3557 695 3638 plus
717 3557 884 3620 clarescere
905 3554 994 3634 digna
1017 3563 1078 3630 est;

192 3665 236 3727 lla
257 3665 425 3745 Seraphim,
449 3667 499 3746 qui
521 3667 590 3748 plus
613 3667 706 3732 divini
728 3667 760 3730 iu
781 3663 896 3746 spicula
918 3662 993 3728 solis

194 3774 322 3838 Obtutns
346 3783 444 3840 teneat
465 3777 548 3852 fixos,
571 3775 626 3840 tibi
646 3795 694 3840 me
716 3778 773 3840 ista
795 3775 912 3854 roganti
987 3785 990 3792 ’

192 3883 259 3946 Non
282 3884 356 3950 satis
377 3884 404 3948 is
426 3886 526 3949 faciet
569 3887 645 3948 Nam
666 3886 712 3949 sic
734 3905 767 3948 se
790 3883 921 3948 immittit
941 3885 973 3946 in
995 3883 1085 3948 altum

145 4007 177 4062 85
192 3993 339 4058 Aeternac
360 3993 436 4074 legis
457 3996 592 4075 pelagus,
615 3997 696 4077 quod
718 3995 834 4058 discere
856 4013 969 4068 averes,

172 4103 230 4166 'Ut
251 4103 291 4166 sit
312 4103 473 4169 discissum
496 4105 599 4186 quavis
621 4125 639 4168 a
660 4113 761 4170 monte
783 4115 893 4170 creata.

194 4213 327 4294 Cumque
349 4215 429 4278 lenes
449 4214 580 4280 reditum
600 4216 705 4279 mundi
727 4216 764 4279 ad
786 4214 920 4278 mortalia
942 4211 1050 4288 saeclo,

192 4323 258 4386 lloc
279 4324 404 4398 releres,
428 4342 465 4386 ue
487 4323 556 4404 quis
578 4325 701 4390 nimium
724 4323 883 4387 conliderit
902 4323 998 4386 audax
