3142 5166
736 411 916 464 adunarunt!
933 413 1014 464 xiiii.

842 696 959 782 xiiiia

373 851 512 914 Summus
533 849 664 913 desierat
683 849 805 930 sapiens
827 850 991 931 undasque
1012 851 1131 914 tenebat

372 961 406 1022 ln
428 979 476 1022 me
498 958 620 1033 dedans,
643 977 680 1021 an
701 961 884 1041 praeferrem
906 979 958 1023 ere
981 961 1111 1041 quietem

371 1069 531 1151 Expietus3
554 1068 607 1132 sed
630 1085 694 1148 ego,
718 1087 792 1132 nova
814 1087 902 1150 quem
925 1070 991 1132 sitis
1015 1070 1229 1144 exstimulabat,

371 1179 539 1254 Praeterea,
562 1179 640 1241 moui
662 1178 771 1256 lingua,
793 1197 911 1240 meeum
933 1180 989 1242 istu
1011 1177 1146 1242 loeutus:

337 1289 456 1363 dQnae
478 1289 543 1350 sine
564 1305 648 1350 mere
669 1287 753 1350 ilium
774 1288 880 1366 regite,
903 1289 1030 1350 sortasse
1052 1287 1224 1366 gravabunt.

368 1398 480 1468 ,Verum
502 1397 595 1460 instar
616 1397 709 1476 patris
731 1397 855 1471 veracis,
877 1397 928 1458 ubi
950 1396 1001 1458 iile
1022 1398 1173 1461 timentem

372 1508 476 1570 Dicere
497 1525 545 1569 me
566 1505 707 1585 cupidum
729 1507 832 1580 sensit,
855 1524 931 1586 quae
954 1506 1044 1570 carde
1066 1508 1248 1588 premebam,

371 1616 475 1680 Fando
496 1615 627 1678 animum
649 1615 722 1678 mihi
744 1617 881 1690 restituit,
905 1616 949 1678 sir
970 1615 1061 1679 farier
1082 1635 1171 1678 ause:

372 1727 444 1789 Tale
465 1726 540 1788 meis
562 1725 656 1787 oeulis
678 1733 728 1787 tua
750 1724 870 1788 lurdat
891 1725 991 1788 lumen
1013 1725 1133 1801 habere,

323 1839 355 1892 1⁰
372 1837 409 1900 Ut
429 1835 523 1898 nitide
545 1851 673 1909 uernam,
697 1835 839 1915 quidquid
861 1845 911 1896 tua
933 1836 1067 1914 preferat
1088 1843 1119 1897 et
1139 1837 1180 1897 mi

371 1945 526 2008 Describat
543 1944 629 2006 retia.
673 1944 780 2019 Quare,
804 1952 888 2024 pater
909 1945 1030 2024 optime,
1053 1963 1192 2018 amarem,

372 2054 501 2129 Quaeso,
524 2055 705 2127 demonstra,
727 2055 873 2116 iacturum
895 2073 984 2134 quem
1006 2072 1074 2116 esse
1095 2053 1243 2117 bonerum

372 2165 551 2229 Cunctorum
574 2181 678 2226 semen
700 2163 821 2226 diuebas
843 2173 930 2245 atque
952 2163 1109 2226 maiorum.

413 2275 448 2336 in
469 2293 518 2336 me
539 2273 596 2352 fige
618 2273 723 2336 deuios
744 2274 863 2348 mentis,
887 2274 1051 2354 respondit,
1074 2282 1186 2346 acutos,

323 2385 597 2463 tacendorumque
619 2400 712 2456 error,
734 2383 891 2446 ducturum
913 2383 964 2463 qui
984 2383 1049 2444 viee
1070 2383 1155 2462 iungi

371 2494 496 2566 nudent,
520 2500 565 2555 sat
586 2492 640 2555 tibi
662 2500 782 2573 apertus
802 2493 870 2555 erit.
915 2493 973 2566 Qui
995 2501 1131 2574 promtus
1152 2509 1250 2555 amare

371 2603 426 2664 Est
446 2611 549 2665 natura
570 2603 695 2676 animus,
718 2610 851 2665 versatur
871 2603 991 2664 mobida
1013 2620 1133 2664 umnam

371 2713 416 2777 Ad
437 2731 510 2786 rem,
533 2731 610 2792 quae
631 2710 755 2793 plaeeat,
777 2713 955 2793 simulatque
976 2714 1057 2775 hunc
1078 2713 1186 2776 hianda
1206 2711 1344 2792 voluptas

371 2821 486 2885 Excitat
506 2803 602 2900 atque
616 2835 705 2897 agere
727 2821 878 2897 hortatum
900 2840 998 2902 neque
1019 2821 1147 2899 imagine
1169 2821 1249 2884 inani

320 2939 355 2993 at
371 2933 411 2995 Se
432 2931 495 2994 iaili
516 2947 625 2992 sensus
645 2937 777 3003 testatur,
799 2940 830 2992 et
850 2932 951 3005 eiiieit,
972 2940 1007 2993 nt
1026 2948 1112 2994 mens

371 3042 448 3106 Huic
469 3059 537 3104 aeae
558 3038 701 3112 intendat,
723 3039 867 3120 vobisque
888 3040 967 3102 hane
988 3041 1116 3122 explieat
1136 3041 1216 3102 intus

372 3153 431 3226 Sin,
454 3159 486 3214 ut
507 3150 544 3213 ad
566 3150 643 3212 hane
664 3150 794 3212 animum
815 3151 950 3214 attrahat
993 3151 1049 3212 iiie
1070 3151 1097 3212 si
1118 3149 1240 3212 inclinat
1261 3147 1408 3230 adipeam

372 3263 549 3335 Conversus,
571 3261 604 3322 iit
624 3279 716 3334 amer,
739 3261 838 3341 potius
860 3269 964 3322 natura
986 3259 1145 3335 vocandus,

372 3371 454 3445 Quae
475 3389 529 3432 vos
547 3369 680 3451 jusunda
701 3389 806 3432 rursus
829 3371 986 3434 dulcedine
1006 3371 1126 3432 vinetus

320 3484 354 3538 ut
372 3480 507 3563 Occupat
526 3481 692 3542 insinuans.
735 3479 810 3542 Exin
833 3489 866 3542 ut
889 3480 983 3542 tendit
1003 3481 1033 3542 in
1056 3480 1145 3542 aitrrm

370 3589 503 3652 Flamma
524 3607 608 3651 suam
631 3589 670 3650 ob
693 3591 827 3664 termam,
851 3609 926 3670 quae
948 3589 1018 3651 iilue
1039 3588 1222 3651 adscendere
1244 3597 1312 3650 nata
1334 3595 1388 3660 est,

370 3699 442 3762 Plus
464 3698 516 3761 ubi
538 3698 687 3772 materies,
710 3698 765 3761 snb
788 3717 845 3779 qua
868 3711 915 3762 est
935 3700 1051 3772 durare,
1075 3705 1212 3778 putatum

372 3807 423 3872 Sir
445 3806 594 3880 desiderii,
617 3807 697 3888 qued
718 3807 763 3869 uia
784 3817 884 3872 movet
903 3811 1016 3884 intima,
1039 3817 1145 3889 eaptus

372 3918 464 3980 intrat
485 3916 613 3978 claustra
635 3918 760 3992 animus,
783 3934 841 3980 nee
862 3926 998 4000 tempure
1019 3918 1130 3982 desinit
1150 3916 1221 3990 ulio,

321 4033 355 4086 tu
370 4026 433 4090 Ner
453 4025 587 4105 requiem
607 4027 726 4106 patitur,
749 4027 846 4090 donee
866 4029 997 4109 peditur
1017 4037 1125 4092 amatu.

414 4137 499 4199 Nune
520 4143 561 4210 tn,
585 4153 673 4216 quam
694 4155 763 4198 uera
785 4136 873 4216 longe
895 4155 911 4200 a
934 4140 1050 4201 ratione
1072 4139 1213 4210 terantur,

372 4247 430 4322 Qui
451 4263 545 4325 genus
567 4263 655 4308 omne
676 4253 776 4308 aestus
799 4247 829 4307 in
852 4265 886 4310 se
907 4246 1056 4311 landabile
1078 4249 1188 4320 dieunt
1472 4252 1476 4355 j

370 4357 467 4420 Nosse
488 4363 594 4438 potes;
616 4373 685 4418 narn
706 4357 808 4420 inrsan
829 4374 913 4418 amor
933 4357 1031 4420 bonus
1053 4377 1121 4420 ease
1142 4357 1259 4420 videtur
1473 4364 1476 4463 t
