3124 5170
540 477 734 530 manualium
751 479 829 530 xviii.

194 696 250 758 Sed
272 715 371 776 neque
394 713 449 776 ego
470 692 521 758 bio
542 697 625 758 solus
648 696 684 758 de
707 703 765 768 tot,
789 715 864 776 quos
885 697 1014 760 Fsasnrx
1034 699 1133 772 mittit,

193 808 308 886 Lugeo,
332 815 363 868 at
383 806 440 868 iste
461 806 546 868 locus
568 812 613 868 tot
629 806 692 886 jam
715 805 880 885 completus
902 807 1040 881 abundat,

193 917 228 978 Ut
251 916 374 979 totidem
395 915 514 994 linguae
536 917 667 977 nondum
689 913 831 978 didicisse
854 917 986 979 terantur

191 1027 271 1088 luter
292 1026 438 1089 Serenam
453 1043 495 1108 ac
516 1025 652 1087 Rhenum
673 1025 763 1086 modo
785 1025 886 1088 dicere
908 1026 984 1106 sipa.

148 1147 178 1198 tt
192 1135 278 1209 Quod
300 1135 326 1196 si
349 1134 437 1212 digna
459 1134 518 1195 lide
540 1151 697 1195 noverum
719 1135 859 1196 testantia
882 1154 1017 1216 quaeras,

192 1245 250 1307 Fac
271 1245 371 1306 auimo
394 1251 529 1306 nostrum
550 1243 718 1324 perpendas
740 1252 845 1324 pectus
867 1263 996 1308 aramum.

233 1355 315 1416 llaec
336 1353 411 1414 ianti
432 1352 564 1414 Daemon
586 1353 735 1432 percussit
755 1362 837 1432 terga
859 1355 993 1433 liagello;

193 1467 303 1545 Atque:
326 1461 419 1536 Hinc,
442 1461 529 1535 dixit,
554 1461 618 1536 abi,
640 1463 730 1536 leno,
752 1462 802 1525 bic
822 1462 991 1525 mercabilis
1013 1483 1082 1526 aere

87 1468 92 1671 ί
193 1573 277 1636 Haud
299 1573 358 1634 ulla
381 1581 429 1634 est
447 1572 563 1634 mulier.
607 1571 752 1634 Comitem
773 1572 839 1652 ipse
861 1564 987 1635 subinde
1007 1575 1108 1655 petivi.

148 1695 178 1747 u
234 1682 389 1762 Progressi
411 1683 546 1762 paulum,
570 1681 798 1744 conscendimus
820 1681 1020 1760 egredientem

191 1795 233 1856 lix
254 1793 319 1873 ripa
342 1791 508 1872 scopulum.
553 1790 612 1852 Sed
634 1809 690 1852 nos
711 1789 878 1853 invenimus
900 1791 989 1854 istum

89 1964 91 1975 ,
192 1907 327 1966 Ascensu
349 1901 486 1974 facilem,
509 1907 727 1981 praeruptaque
750 1919 819 1963 saxa
841 1911 1011 1982 prementes

88 1987 92 2135 ἰ
192 2013 359 2085 Abscessn‚
381 2015 519 2073 aeternos
541 2011 691 2072 anlraotus
711 2009 853 2090 liquimus
874 2010 952 2086 illos,

89 2171 92 2215 ἱ
193 2124 237 2187 Λᾶ
259 2123 392 2184 dextram
414 2120 502 2182 versi.
546 2120 605 2182 Sed
628 2138 694 2182 oum
717 2117 888 2182 devenimus
909 2120 988 2194 illuc,

90 2224 91 2241 ¹
148 2248 178 2298 to
192 2233 271 2306 llux,
294 2231 346 2293 ubi
367 2249 444 2310 pons
466 2247 576 2291 tacitus
597 2237 698 2290 manet
718 2229 809 2302 inira,
833 2249 870 2290 oe
892 2230 975 2292 locus
998 2232 1086 2292 undis

89 2358 91 2393 t
194 2343 357 2405 Caesorum
378 2339 471 2401 desit:
495 2339 636 2400 Gressum
658 2339 746 2400 modo
769 2339 946 2419 comprime,
969 2339 1050 2414 dixit,

87 2436 91 2522 l
193 2453 252 2514 Fac
273 2450 349 2513 male
370 2458 505 2512 natorum
529 2448 637 2510 leniant
657 2459 686 2509 te
707 2447 832 2522 lumina,
856 2457 885 2510 et
906 2450 1021 2524 borum,

88 2537 92 2587 ³
195 2561 329 2634 Quorum
352 2568 383 2621 tu
405 2558 535 2620 nondum
556 2557 681 2638 potuisti
704 2575 826 2620 cernere
849 2558 968 2633 vultum,

194 2671 327 2750 Namque
348 2667 379 2730 hi
402 2667 559 2730 nobiscum
580 2686 697 2730 venere.
721 2699 761 2711 --
782 2667 824 2728 Ex
845 2677 936 2747 ponte
957 2675 1072 2731 vetusto

88 2820 91 2853 ,
148 2783 178 2838 75
194 2779 328 2842 Vidimus
351 2776 472 2840 alterius
495 2777 683 2857 speculantes
706 2777 822 2856 agmine
844 2778 947 2840 turbae

87 2856 91 2967 l
193 2887 315 2950 Exulis
339 2887 446 2966 raptim
468 2903 524 2947 noa
547 2897 649 2948 comm
672 2905 828 2950 occurrere
850 2897 944 2968 parte,

88 2970 90 3083 l
195 2999 279 3072 Quos
301 2997 414 3077 pariter
435 2995 522 3057 iustis
544 2994 701 3076 crepitanti
723 2997 846 3059 verbere
868 2997 969 3060 trudit.

87 3122 90 3221 q
236 3108 313 3169 Tum
335 3105 432 3167 bonus
453 3105 528 3168 baec
551 3105 647 3179 addit,
669 3123 800 3167 menon
823 3105 963 3180 scitante,
985 3107 1140 3186 magister:

87 3254 90 3289 .
192 3219 302 3298 Aspice
323 3233 460 3294 magnum
482 3214 566 3276 illum
585 3215 766 3289 venientem,
790 3225 911 3296 pectore
933 3217 1045 3279 nullum

87 3292 90 3339 ἱ
146 3330 179 3383 tto
195 3326 248 3390 Cui
272 3325 413 3405 gemitum
434 3336 485 3386 aut
505 3323 656 3386 lacrimam
679 3325 766 3387 dolor
787 3325 970 3406 expressisse
991 3323 1116 3389 ridetur.

86 3398 90 3609 μ
195 3437 345 3511 Quantum
367 3433 394 3496 is
415 3433 512 3496 adbuc
534 3435 643 3496 retinet
662 3436 775 3497 formae
797 3435 904 3515 regalis
927 3436 957 3498 in
980 3436 1048 3499 orel

195 3545 358 3608 Thessalus
379 3545 548 3606 assensores
570 3543 620 3605 ille
643 3554 702 3619 est,
726 3546 777 3627 qni
797 3555 897 3610 mente
919 3547 1077 3628 animoque

86 3618 89 3747 l
194 3655 304 3718 Arietis
326 3665 428 3716 aurato
449 3653 575 3734 privarit
594 3654 702 3716 rellere
725 3655 861 3718 Colchos.

86 3750 89 3863 ἱ
192 3765 321 3828 Venerat
342 3763 368 3826 is
391 3781 463 3826 casu
483 3763 647 3837 Lemnum,
670 3783 750 3838 oum,
774 3765 864 3829 caede
886 3773 1015 3847 peracta,

146 3875 179 3930 85
196 3875 329 3956 Corpora
355 3881 462 3936 cuncto
481 3873 578 3952 pirum
600 3874 766 3954 porcellos
788 3883 879 3938 strata
899 3877 1040 3956 jacebant

195 3983 355 4047 Femineae
378 3984 481 4046 turbae
503 3983 621 4072 dextra,
644 3992 675 4046 et
696 3985 865 4047 crudelibus
888 3987 978 4048 ausis.

197 4093 325 4157 Nutibus
346 4094 396 4155 bic
418 4111 490 4155 usus
511 4093 609 4156 verbis
631 4099 661 4156 et
682 4095 786 4157 tallere
805 4095 912 4169 doctis,

197 4203 312 4266 [licitur
332 4203 516 4266 Brasuertae
539 4203 637 4266 lucum
660 4205 770 4268 iecisse
789 4206 915 4286 puellae,

196 4314 339 4376 Femineo
361 4314 460 4376 lucum
483 4329 558 4393 quae
581 4313 693 4376 lecerat
713 4323 781 4376 ante
804 4317 908 4378 furori.

148 4439 181 4492 to
196 4423 254 4486 llic
275 4423 425 4503 gravidam
448 4431 478 4484 et
499 4421 593 4486 solam
615 4424 711 4504 liquit.
755 4425 915 4488 Damnatus
937 4425 975 4486 ob
997 4423 1076 4486 istud
