3124 5170
333 455 393 520 128
739 451 930 505 tumetceu!
948 451 1048 502 ΧΧΧΙΙΙ.

348 687 382 742 5⁰
397 675 494 755 thue
514 693 619 754 pamm
642 673 761 752 irrepsit
778 670 894 752 jubaris
916 671 1042 734 claustra
1065 671 1168 732 intima
1190 670 1288 734 acerbi

400 783 547 856 Carceris,
571 782 794 862 inspiciensque
815 801 914 844 meum
936 799 990 862 per
1012 788 1150 860 quattuor
1170 798 1222 842 ora

397 894 470 970 Legi
491 894 557 972 ipse
579 911 630 966 os,
652 891 768 966 ambas,
792 899 950 971 superante
971 891 1089 963 dolore,
1112 891 1257 952 momordi

398 1005 491 1065 Dente
513 1021 632 1065 manus:
655 1001 712 1076 ilii,
735 1002 764 1064 id
787 1001 929 1064 suadente
951 999 1090 1080 cupidine
1112 1000 1219 1063 edendi

398 1113 443 1174 bie
466 1113 574 1174 iecisse
596 1111 665 1184 rati,
689 1111 717 1172 in
739 1109 866 1190 pedibus
889 1109 987 1172 subito
1009 1117 1076 1174 aute
1099 1117 1216 1182 stetere,

348 1227 382 1282 ab
398 1223 478 1286 Haec
500 1222 566 1284 fati:
590 1220 615 1282 0
638 1220 768 1299 genitor,
791 1221 883 1282 multo
905 1221 1004 1282 miuus
1026 1238 1132 1299 aspera
1154 1219 1241 1280 nobis

398 1332 499 1394 Poena
521 1332 611 1404 ieret,
634 1329 720 1392 nobis
744 1329 770 1390 si
790 1347 925 1392 vescere:
949 1327 1087 1390 carnibus
1109 1337 1189 1391 artus
1226 1409 1230 1426 ι

399 1441 462 1502 Hos
484 1448 515 1502 tu
536 1440 649 1502 vestisti
671 1440 813 1512 miseros,
836 1448 867 1501 tu
890 1439 945 1500 bos
967 1457 1051 1502 exue.
1094 1440 1190 1500 bintus
1322 1475 1333 1496 .

400 1549 485 1613 Tunc
506 1567 561 1627 eqo
584 1547 755 1628 composui,
778 1567 815 1610 ue
837 1565 972 1624 urgerem
994 1548 1107 1610 tristius
1130 1549 1228 1628 ipsos:

400 1659 452 1722 Illa
475 1660 589 1738 aliaque
612 1659 660 1720 die
682 1659 754 1721 muti
776 1677 890 1720 omues.
935 1658 959 1720 0
982 1658 1055 1720 mibi
1076 1658 1149 1720 dura

349 1779 383 1833 6⁰
400 1770 491 1831 Terra
514 1767 618 1831 nimis!
642 1787 696 1830 cur
717 1787 776 1830 non
799 1768 951 1847 patefactis
974 1767 1108 1830 saucibus
1130 1769 1221 1830 imum

399 1878 532 1941 Pandisti
553 1876 745 1940 barathrum?
768 1877 877 1950 Quarta
898 1877 1040 1939 redeunte
1061 1877 1120 1939 diei

398 1989 494 2060 Luce,
515 1989 588 2051 mibi
611 1997 678 2050 ante
699 1988 791 2068 pedes
813 1995 954 2066 protenso
977 2005 1103 2066 corpore
1125 1983 1241 2050 Caunus

399 2096 579 2170 Procubuit,
602 2098 748 2176 dixitque:
772 2097 859 2160 Pater
879 2097 934 2168 mi,
957 2115 1011 2158 our
1032 2104 1080 2159 tua
1102 2105 1220 2160 cessant

398 2205 533 2271 Auxilia?
554 2208 723 2287 Effuditque
745 2206 872 2268 animam
893 2206 957 2278 bic;
979 2213 1023 2278 et,
1046 2214 1079 2268 ut
1099 2207 1164 2285 ipse
1185 2205 1285 2268 videre

348 2329 382 2382 db
398 2317 444 2380 bie
466 2325 566 2397 potes,
589 2317 639 2378 bic
659 2317 719 2378 vidi
741 2336 812 2380 casu
834 2317 889 2378 tria
911 2315 1025 2393 singrda
1047 2316 1153 2378 eodem

400 2427 536 2500 Quintam
559 2427 635 2488 iutra
657 2435 826 2505 sextamque
848 2425 926 2488 diem
949 2425 1094 2488 cecidisse
1116 2443 1249 2488 meorum

400 2538 531 2616 Corpora
552 2544 688 2598 natorum
709 2535 896 2615 exspirantia.
941 2534 1038 2607 Quare
1060 2553 1116 2613 eqo
1138 2552 1247 2596 meaos

400 2645 554 2725 Quemque
576 2663 666 2724 supra
688 2645 809 2708 incubui
830 2653 965 2724 reptans,
989 2653 1016 2706 et
1039 2663 1186 2724 quemque
1209 2645 1310 2706 vocari
1355 2679 1363 2688 ·

398 2755 491 2816 Binos
513 2773 609 2833 usque
631 2754 696 2816 dies
718 2762 796 2815 totos
817 2763 887 2834 pust
908 2755 1020 2817 iuuere.
1064 2753 1195 2816 Tandem

349 2875 382 2926 7⁰
399 2863 470 2926 Plus
492 2865 588 2944 potuit
605 2864 709 2944 jejuno
730 2864 838 2936 sames,
862 2883 950 2942 quam
970 2864 1084 2943 patrius
1105 2879 1208 2940 angor.

441 2973 520 3036 Haec
541 2973 593 3034 ubi
615 2973 691 3035 dicta
713 2973 809 3047 dedit,
832 2981 1031 3052 contorquens
1053 2972 1179 3046 lumina,
1202 2991 1306 3036 narsus

399 3083 548 3164 Corripuit
569 3083 711 3146 miserum
733 3091 834 3162 eaput,
857 3083 984 3146 haerena
1008 3083 1146 3146 dentibus
1168 3083 1247 3144 ossis

400 3193 508 3256 Contra
529 3193 586 3255 rim
607 3193 727 3266 validis,
750 3193 828 3256 velut
849 3211 947 3255 eseam
968 3193 1100 3255 inhiante
1121 3192 1263 3254 molosso.

442 3302 589 3374 OPisae‚
612 3323 630 3364 o
653 3304 758 3379 ingens
779 3303 956 3382 populomm
977 3303 1111 3372 iufamia,
1135 3309 1278 3382 quotquot

350 3421 382 3476 75
399 3412 526 3476 Pulchra
548 3412 614 3484 adit,
636 3427 672 3474 ac
692 3413 798 3492 recipit
818 3412 921 3484 tellus,
944 3412 995 3475 ubi
1017 3419 1121 3474 cuncta
1143 3430 1270 3490 perora

401 3521 436 3584 Si
454 3531 587 3596 resonam
610 3522 749 3600 quoniam
770 3531 828 3584 mm
850 3521 921 3584 lenti
943 3539 1066 3601 poscere
1089 3540 1200 3601 poenas

399 3633 492 3694 Vicini
515 3639 646 3702 cessant,
669 3631 763 3711 ruptis
785 3631 921 3710 Capraria
941 3630 1056 3704 vinclis,

399 3743 493 3820 Atque
515 3740 592 3818 Urgo
615 3741 792 3820 irrumpant,
816 3759 932 3821 quaque
954 3741 1068 3804 uadens
1091 3742 1212 3820 produit
1232 3743 1341 3814 Arnus,

400 3850 549 3930 Objioiaut
570 3869 686 3930 sepem,
709 3851 887 3930 exspatiatus
909 3859 942 3912 ut
962 3850 1068 3914 obmat
1088 3869 1202 3914 omnes.

348 3975 382 4030 8⁰
400 3959 487 4033 Quod
510 3961 535 4022 si
560 3959 714 4023 Unournurr
737 3961 874 4024 comitem
895 3969 958 4022 arm
980 3962 1055 4024 sama
1078 3959 1191 4022 serebat

398 4068 524 4133 troicus
547 4089 615 4132 esse
637 4071 696 4134 tuis
718 4070 772 4132 sub
795 4071 962 4150 proditione
984 4071 1118 4150 potitum,

399 4180 518 4244 Saevire
540 4180 571 4242 iu
593 4187 679 4242 uatus
701 4199 845 4260 quaenam
867 4189 895 4242 te
919 4197 1025 4244 cauam
1045 4177 1189 4262 jubebat?

399 4289 476 4364 Quid
498 4297 611 4352 tanam
631 4308 767 4354 memore
789 4291 974 4364 Ucuacuuos,
998 4300 1085 4370 atque
1106 4291 1246 4362 Beturri,

399 4402 542 4480 Quosque
564 4399 639 4462 alios
662 4398 779 4462 cecini?
801 4399 938 4463 insontes
961 4419 1036 4462 nora
1058 4401 1170 4464 iecerat
1190 4409 1282 4474 aeus,

896 4605 945 4616 .—
985 4607 1108 4614 -----—

1505 2750 1511 3021 ᾧ

1513 3746 1518 3891 ¹
