3124 5170
319 465 360 528 54
766 461 958 512 ιιιιιιιιιοιιιιιι
976 461 1030 510 ιιι.

383 683 499 763 Perque
520 681 615 744 ricem
638 681 668 742 in
691 680 785 760 nigris
807 680 941 761 reliques
964 676 1135 740 fornacibus
1157 680 1270 742 Aetnae

383 793 452 874 lpse
474 791 625 870 fatigaret,
649 791 818 870 serapem,
842 789 927 852 faber
948 788 1076 870 optime,
1101 807 1190 870 opem
1212 790 1266 862 ier,

384 904 534 974 Venetus,
558 901 742 974 exclamans,
764 899 855 962 veluti
878 899 910 961 iu
933 899 1095 976 certamine
1116 899 1271 979 Phlegrae,

384 1013 476 1092 Inque
497 1018 587 1090 caput
608 1009 680 1071 totis
698 1009 847 1091 jaculetur
867 1008 980 1070 viribus
1003 1008 1098 1087 ignes,

334 1135 367 1189 55
383 1121 458 1184 Post
477 1139 591 1202 poenas
612 1121 692 1181 ultor
713 1137 785 1192 sane
807 1137 867 1180 non
890 1119 985 1180 iaetus
1007 1117 1113 1180 abiret.

427 1231 515 1292 Tales
537 1231 686 1292 flammato
709 1240 771 1290 tum
794 1227 875 1308 rupit
894 1235 1017 1307 pectore
1038 1245 1128 1290 voees

384 1341 446 1404 Dux
469 1359 568 1414 meus,
591 1347 624 1401 ut
645 1356 797 1418 uunquam
818 1337 917 1399 verbis
939 1337 984 1399 sic
1006 1336 1125 1400 aeribus
1147 1356 1234 1400 usum

342 1511 345 1522 ,
383 1449 552 1512 nudie-im:
577 1447 725 1522 Quoniam
747 1447 856 1510 mentis
879 1449 963 1510 iuror
983 1448 1040 1508 iste
1063 1447 1210 1528 superbae

384 1559 450 1623 Neu
472 1561 616 1638 deflagrat
638 1553 749 1631 adhue,
772 1557 840 1619 ideo
862 1557 976 1637 majore
999 1556 1141 1635 gravaris,

334 1669 409 1734 0⁰0
432 1668 582 1743 Carnum,
604 1685 711 1748 poena.
755 1667 923 1728 Poenamm
946 1667 1033 1746 eopia
1055 1667 1135 1728 nulia

385 1779 494 1853 Tanta,
518 1787 598 1842 tuam
620 1786 739 1858 praeter
760 1776 891 1848 rabiem,
915 1777 993 1839 foret
1014 1784 1083 1856 apta
1104 1777 1238 1839 dolorem

383 1887 567 1962 incussisse,
590 1895 641 1948 tuo
665 1887 714 1967 qui
737 1888 789 1949 det
810 1885 957 1964 completa
979 1886 1072 1947 furori

383 1998 519 2060 Vulnera.
563 1997 639 2061 bein
659 1995 777 2078 placide
799 1995 880 2057 vultu
901 1995 1025 2058 meliore
1047 1995 1195 2076 loquelam

383 2107 417 2170 lu
439 2127 487 2170 me
508 2117 684 2170 convertens
707 2105 801 2168 dixit:
823 2105 893 2166 Fuit
914 2105 964 2167 iila
986 2105 1120 2184 tyrannis

333 2223 366 2278 ab
383 2218 464 2280 Unus
487 2216 524 2278 de
546 2225 661 2298 septem
684 2215 803 2278 Thebas
826 2215 966 2278 obsidere
989 2214 1111 2286 adorus,

382 2328 478 2408 Atque
500 2326 570 2388 edio
593 2327 642 2388 bie
665 2325 768 2388 babuit
790 2327 941 2406 Superos,
965 2333 996 2386 et
1016 2324 1127 2386 babere
1147 2323 1272 2396 ridetur,

382 2437 420 2499 Et
442 2455 545 2498 curare
567 2455 681 2518 parum.
725 2437 832 2498 venum
853 2443 886 2496 ut
907 2453 954 2497 me
977 2433 1077 2495 dicere
1099 2433 1210 2498 dudum

382 2547 542 2620 Audieram
565 2545 630 2618 isti,
654 2565 729 2626 quos
752 2563 831 2606 nune
854 2545 934 2606 iuvat
955 2545 1036 2624 ipse,
1060 2545 1176 2606 iurares

384 2656 564 2719 ornamenta
587 2655 702 2718 animae
724 2655 849 2717 nimium
870 2663 940 2715 sunt
961 2653 1060 2715 debita
1082 2653 1187 2716 atroci.

333 2781 366 2834 ιιι
383 2765 468 2828 Nune
489 2783 630 2846 sequere,
652 2775 740 2844 atque
763 2783 834 2825 care
856 2763 951 2826 arenti
973 2763 1097 2843 vestigia
1120 2782 1229 2826 arenae

383 2876 514 2954 befigas,
537 2874 590 2935 sed
613 2873 726 2951 stringe
746 2891 862 2934 namus.
883 2905 927 2920 ·-
948 2873 1126 2936 Devenimus
1148 2873 1227 2945 iiiuc,

374 2985 493 3066 ,Parvus
515 2983 566 3046 ubi
589 2981 662 3044 siim
684 2983 846 3044 decurrens
867 2981 977 3044 labitur
998 2984 1104 3056 amnis,

383 3095 474 3176 Cujus
496 3094 592 3156 adbuc
614 3093 718 3156 horret
737 3109 803 3154 mea
826 3110 910 3154 meus
932 3093 1105 3154 meminisse
1128 3093 1276 3156 ruborem.

383 3203 488 3277 Qualis
510 3203 547 3267 de
569 3203 705 3265 scatebra
729 3201 840 3265 Viterbi
864 3201 976 3264 rivulus
998 3203 1067 3275 exit,

333 3325 365 3380 ⁷5
383 3315 478 3388 Quem
500 3313 559 3376 sibi
582 3321 681 3374 scorta
703 3311 801 3374 solent
822 3311 946 3393 partiri3
969 3312 1038 3374 talis
1060 3329 1150 3376 arena

381 3425 444 3486 Hae
464 3423 544 3486 unda
567 3439 722 3501 emergens
746 3421 816 3483 ibat.
860 3421 951 3484 Sinus
973 3421 1054 3483 iilius
1077 3422 1164 3492 imus,

382 3533 457 3596 Tum
480 3532 614 3613 geminae
635 3531 734 3612 ripae,
757 3539 820 3594 tum
842 3531 985 3610 marginis
1007 3541 1132 3613 utraque
1154 3531 1236 3594 labra

382 3643 522 3706 Naturam
544 3642 703 3705 induerant
723 3639 850 3719 lepidis3
873 3659 964 3720 quare
986 3659 1053 3704 ease
1075 3643 1175 3721 putari

383 3751 533 3814 liariter.
577 3753 619 3814 Ex
641 3751 776 3823 ermetis,
800 3769 876 3831 quae
898 3751 1015 3813 ostendi
1038 3751 1181 3832 plurime,
1204 3761 1365 3832 postquam

332 3867 366 3920 8⁰
382 3862 443 3924 Nus
466 3881 569 3923 sumus
591 3861 720 3940 ingressi
742 3869 873 3941 portam,
897 3879 973 3941 quae
994 3861 1098 3922 iimina
1120 3861 1192 3923 nubi

383 3969 526 4046 obserat,
550 3971 629 4032 baud
649 3971 710 4033 ulla
733 3979 780 4033 est
800 3987 931 4051 unquam
953 3970 999 4033 eie
1020 3969 1109 4050 digna
1131 3971 1230 4034 notari

382 4081 440 4142 Res
462 4081 557 4142 oeulis
580 4081 714 4160 inspecta
738 4081 817 4152 tuis,
840 4089 873 4142 ut
894 4080 1006 4144 rirrrlus
1028 4080 1093 4154 iste,

382 4191 439 4265 Qui
466 4209 557 4270 super
578 4189 707 4270 allapsus
730 4207 934 4270 quascumque
956 4191 1145 4270 exstinguere
1166 4191 1301 4252 flammas

382 4301 436 4362 Est
458 4299 548 4381 potia.
593 4301 653 4362 Ista
675 4317 759 4361 meua
782 4299 924 4362 tundebat
945 4300 982 4362 ab
1005 4319 1057 4362 ere
1079 4300 1231 4378 magister.

329 4425 363 4479 35
425 4409 502 4472 Tum
526 4429 616 4490 prece
639 4409 775 4490 persuasi
798 4409 900 4490 largiri
922 4409 1045 4491 pabula,
1070 4427 1200 4472 amorem

692 4490 1494 4624 ffl-—A
