3124 5170
701 397 1070 408 *m—

551 451 744 504 furunculus
762 453 843 504 xxlll.

194 673 380 754 Principium
402 679 433 736 et
453 672 544 734 finem
564 679 646 734 recte
667 671 746 734 velit.
790 671 885 751 thue
907 672 1081 752 frequenter

150 803 181 856 ιι
195 787 254 849 lies
277 784 335 846 ulia
358 781 473 844 exalia
496 781 636 860 emergit,
660 779 704 843 sic
726 780 796 842 inde
818 782 940 842 suborta

198 897 273 959 Cura
296 912 370 954 nora
394 897 441 954 est
461 889 576 964 animo,
599 890 726 970 primam
748 890 919 953 formidinis
940 891 1075 954 umbram

198 1007 282 1079 Quae
304 1002 453 1082 duplicem
476 999 616 1062 ostendit.
658 999 793 1080 Namque
814 999 888 1061 hacc
910 1017 965 1078 ego
988 1001 1105 1066 volvere
1126 1019 1259 1064 mecum:

196 1114 250 1177 lsti
273 1118 476 1192 nus-propter
496 1109 613 1190 decepti
636 1109 754 1182 frande,
777 1109 909 1170 tulerunt
966 1191 975 1200 Ι

196 1224 235 1286 Et
256 1223 363 1286 damna
386 1228 416 1284 et
437 1219 553 1293 ludum,
576 1225 606 1280 et
628 1218 687 1292 sic,
711 1227 743 1280 nt
766 1219 883 1279 taedere
905 1219 1038 1282 furenter

87 1362 90 1421 p
151 1345 181 1398 lt
197 1332 260 1394 llos
282 1331 413 1394 credam.
456 1329 489 1391 Si
512 1329 588 1390 forte
610 1327 696 1390 malis
720 1328 883 1390 accesserit
903 1327 946 1388 ira

86 1458 90 1493 t
197 1441 344 1522 lnqeniis,
367 1441 398 1502 iu
420 1458 477 1502 ecs
499 1437 649 1500 crudelius
672 1437 766 1500 irruet
787 1437 893 1510 hostis,

198 1553 293 1626 Onam
317 1549 400 1612 canis
422 1549 453 1610 in
475 1548 628 1628 leporem,
652 1565 740 1627 quem
761 1546 890 1626 primum
913 1547 1038 1626 contigit
1060 1566 1120 1610 cre.

87 1726 89 1741 ¹
239 1662 316 1724 'l'nm
338 1658 420 1724 sensi
442 1657 542 1720 subito
564 1664 697 1720 arrectos
718 1655 793 1718 mihi
815 1665 894 1720 stare
917 1656 1051 1737 capillos,

86 1762 90 1889 ἰ
195 1773 382 1836 llnrrescens
403 1777 500 1840 totns,
523 1776 584 1830 tum
606 1785 685 1848 pone
707 1774 828 1828 secutus
849 1774 968 1830 euntem

87 1956 89 1967 ⁴
146 1897 179 1948 tn
195 1881 389 1945 lutendebum
411 1897 514 1950 aures,
538 1895 573 1938 ac
595 1876 662 1938 talia
685 1875 814 1956 denique
836 1876 914 1938 fudi:

87 1998 90 2081 J
195 1992 233 2056 Ni
257 2000 285 2054 te
306 2008 415 2069 meque
437 1987 496 2050 cito
519 1987 617 2060 celas,
638 1985 715 2048 male
738 1985 775 2047 ab
797 1986 945 2064 unguibus
968 2005 1076 2058 acrem,

196 2103 275 2175 linx,
298 2099 416 2162 turbam
438 2097 583 2170 extime03
602 2097 666 2178 jam
687 2097 790 2158 hostes
811 2105 882 2176 post
903 2105 984 2175 terga
1006 2096 1223 2176 propinquant:

88 2178 91 2219 ³
195 2213 260 2274 llos
281 2209 355 2272 mihi
377 2207 422 2269 sic
443 2209 539 2286 linge,
561 2215 594 2268 ut
614 2206 717 2268 ridear
733 2205 797 2286 jam
819 2205 922 2268 audire
946 2205 1111 2267 tumultum.
1134 2239 1176 2250 —

196 2322 230 2384 Si
252 2319 407 2402 speculum
429 2317 495 2396 ipse
517 2317 627 2390 forem,
651 2333 711 2376 non
733 2315 769 2376 ad
792 2334 840 2377 me
862 2326 982 2378 externa
1004 2315 1147 2376 referrem

87 2454 91 2506 p
147 2435 178 2487 πᾶ
196 2431 271 2494 Tam
292 2429 389 2490 vultus
410 2426 568 2490 simulacra
592 2425 649 2497 tui,
673 2442 760 2506 quam
782 2424 914 2505 pectoris
936 2425 994 2487 ima

196 2543 309 2612 Seuer,
333 2538 389 2610 ait,
411 2536 567 2616 insculp03
588 2553 701 2616 perque
722 2536 797 2596 lraec
818 2534 907 2596 simul
928 2535 995 2616 ipse
1016 2533 1144 2614 vagabar

196 2650 326 2721 Tecum,
348 2647 428 2710 hunc
450 2645 516 2725 ipse
538 2646 637 2707 ferens
659 2653 775 2724 gestum
796 2644 984 2726 similemque
1005 2644 1146 2723 figuram

87 2804 91 2889 q
198 2761 298 2834 Quare
320 2774 409 2820 unam
431 2755 490 2818 feci
511 2762 610 2818 mente
632 2774 668 2818 ex
689 2763 824 2834 utraque.
869 2755 929 2816 Sed
951 2753 1009 2816 istc

135 2907 144 2918 ·
196 2869 304 2932 Dexter
325 2866 377 2929 ubi
395 2866 495 2946 jaceat
515 2864 561 2926 sic
580 2884 683 2938 mons,
707 2873 740 2926 ut
760 2864 849 2944 copia
871 2865 957 2926 detur

88 2982 90 3001 '
148 2995 180 3047 stt
194 2976 403 3042 Descendeudi
424 2975 513 3038 aliam
534 2974 567 3036 in
587 2974 720 3053 bulgum,
744 2992 832 3053 quem
854 2973 1008 3052 fingimus,
1030 2975 1128 3036 hostis

87 3076 91 3189 l
195 3089 333 3166 Effugere
354 3085 507 3148 incursum
530 3083 657 3148 dabitur.
680 3117 722 3126 -
744 3083 797 3144 Vix
818 3083 907 3146 desiit
928 3084 1018 3158 istud,

87 3192 90 3241 ¹
195 3197 333 3261 Reddere
354 3195 528 3268 consilinm,
551 3212 619 3256 cnm
640 3193 700 3256 vidi
722 3191 865 3255 accedere
887 3194 1000 3272 pausis,

196 3305 282 3368 llaud
303 3305 409 3386 procul
429 3306 502 3378 hos,
525 3303 581 3366 alis
603 3322 659 3366 nos
682 3311 811 3384 captum.
854 3302 956 3364 llatris
978 3303 1014 3366 ad
1038 3303 1140 3374 instar,

196 3417 253 3478 Cui
274 3433 411 3478 somnum
433 3413 564 3476 excussit
583 3431 699 3486 rumor,
723 3431 789 3475 cum
812 3412 949 3476 incendia
972 3412 1068 3474 cernit

86 3549 89 3631 p
149 3533 180 3587 te
195 3524 350 3599 Proxima,
373 3543 465 3605 quae,
487 3531 607 3604 arrepto
629 3530 714 3598 nato,
737 3522 812 3601 fugit
833 3523 939 3596 incita,
962 3539 1018 3584 nec
1041 3529 1109 3596 stat,
1217 3593 1225 3604 Ι

86 3642 89 3711 l
196 3635 268 3697 Plus
290 3633 343 3696 isti
362 3643 514 3706 metuens,
538 3633 607 3694 dum
629 3652 689 3697 nnc
712 3652 744 3695 se
766 3632 843 3695 velat
864 3631 984 3706 amictu,

197 3745 295 3818 Quam
316 3743 392 3819 sibi3
414 3744 474 3806 dux
495 3743 554 3805 cito
577 3760 625 3804 rne
645 3742 780 3823 prendit,
802 3742 945 3822 ripaeque
967 3741 1092 3822 rigentis

195 3855 237 3916 llx
260 3854 319 3916 alta
340 3871 408 3916 sese
430 3852 513 3915 misit
534 3851 649 3914 cerrice
670 3851 810 3932 supinum

85 4020 87 4035 ,
195 3965 272 4043 Erga
294 3963 518 4044 impendentem
539 3962 711 4042 scopulum,
734 3980 792 4042 quo
816 3961 964 4024 clauditur
984 3979 1075 4023 unum

149 4077 181 4132 tu
195 4073 326 4136 elredus
347 4071 453 4152 bulgae
474 4073 561 4134 latus.
605 4071 691 4134 lland
713 4090 842 4151 unquam
864 4071 942 4134 unda
966 4071 1062 4134 canali

198 4182 289 4246 Ocius
311 4182 442 4256 exsiliit,
464 4181 615 4244 terrestris
637 4181 754 4244 volvere
771 4181 856 4262 jussa

84 4262 87 4399 Ε
197 4291 465 4374 cumpinum,
488 4269 613 4373 propius
636 4291 741 4373 illapsa
763 4291 885 4366 batillis,

84 4402 87 4479 ξ
199 4403 293 4476 Quam
313 4421 399 4466 mens
420 4401 470 4466 lric
492 4403 614 4484 sapiens
636 4401 725 4484 hnjns
747 4420 802 4482 per
822 4401 936 4464 lulsrica
959 4400 1037 4474 valli,

86 4592 695 4634 *ff*—
