3116 5162
232 1812 455 1887 doctrinarum
482 1835 610 1886 summe
637 1815 806 1888 studiosus
833 1814 879 1887 sis
906 1823 1041 1886 etcum
1067 1813 1221 1888 omnihus
1247 1815 1351 1890 llusis
1377 1815 1482 1889 ratio·

232 1955 308 2006 nem
342 1930 465 2004 habeas
498 1955 589 2025 eam,
631 1942 668 2004 ut
699 1933 747 2004 Te
780 1933 822 2004 ad
856 1933 1071 2029 conspicuum
1105 1933 1245 2028 aliquem
1279 1932 1485 2006 eruditionis

231 2052 340 2124 locum
374 2059 522 2122 evectum
557 2073 673 2122 omnes
710 2051 915 2124 admirentur
956 2060 991 2121 et
1022 2049 1227 2146 suspiciautl
1288 2048 1377 2132 Quid
1419 2059 1487 2142 est,

232 2170 321 2268 quod
347 2178 434 2240 artes
461 2169 623 2264 ingenuas
650 2180 685 2242 et
709 2170 877 2263 elegantes
903 2167 949 2240 Te
977 2167 1131 2240 audiente
1157 2165 1311 2240 laudandi
1338 2177 1372 2237 et
1405 2189 1492 2239 con-

232 2287 420 2360 celebrandi
455 2287 658 2384 provinciam
692 2288 880 2384 suscepisse
912 2285 1043 2378 videar,
1080 2285 1200 2383 quippe
1234 2305 1333 2380 quem
1365 2284 1490 2381 ipsum

233 2417 387 2504 tanquam
427 2407 594 2502 exemplar
625 2429 772 2478 summae
807 2417 876 2477 turn
913 2405 945 2476 in
980 2405 1102 2496 sacris,
1142 2413 1213 2476 tum
1254 2402 1288 2473 in
1321 2401 1489 2477 humanis

231 2524 336 2596 literis
363 2522 521 2596 scientiae
544 2523 741 2616 jamdudum
765 2545 964 2592 veneremur
990 2530 1023 2592 ct
1049 2521 1220 2593 amemusl

333 2640 463 2712 Sinon
490 2640 586 2736 plane
613 2639 731 2730 alieni,
767 2646 800 2710 at
833 2647 923 2707 certe
956 2637 1115 2734 superflui
1147 2636 1228 2733 quid
1260 2636 1479 2733 proposuisse

232 2756 522 2854 persuasissimum
562 2756 645 2828 mihi
680 2755 856 2846 haberem,
899 2754 984 2845 nisi,
1020 2776 1079 2827 cur
1112 2777 1214 2849 opus,
1248 2755 1337 2850 quod
1363 2757 1479 2830 omnia

232 2875 393 2967 omnium,
419 2874 476 2972 qui
502 2873 575 2970 plus
602 2897 700 2970 quoru
725 2873 843 2966 vulgus
870 2872 1001 2968 sapiunt
1027 2873 1226 2968 egregieque
1249 2873 1375 2945 cordati
1396 2886 1479 2946 sunt

232 2995 403 3085 homiues,
437 2990 594 3086 suffragia
621 2991 736 3066 tulisse
769 3000 914 3081 constat,
941 2989 1015 3061 Tibi
1041 2990 1250 3086 potissimum
1276 3014 1477 3063 consecrare

232 3113 378 3209 'l'uisque
422 3109 579 3207 auspiciis
620 3108 756 3182 credere
798 3120 832 3180 et
871 3107 1102 3181 commendare
1139 3109 1318 3201 voluerim,
1362 3107 1475 3206 aliquo

232 3231 330 3304 modo
357 3229 435 3302 iude
459 3237 597 3325 pateret.
649 3227 731 3300 Dico
758 3250 861 3324 opus,
888 3226 995 3324 qood,
1023 3249 1087 3322 quo
1114 3226 1188 3322 quis
1216 3227 1346 3299 brevius
1373 3237 1475 3324 atque

233 3349 341 3446 aptius
366 3346 454 3444 loqui
482 3345 669 3438 consuevit,
696 3368 735 3416 eo
761 3344 917 3417 libentius
943 3369 981 3415 ac
1007 3343 1227 3416 confidentius
1253 3345 1477 3418 nominaverit

232 3470 399 3566 poeticum
424 3464 588 3563 quoddam
614 3463 762 3536 omnium
787 3487 899 3536 rerum
926 3474 960 3534 et
984 3463 1191 3535 terrestrium
1218 3472 1252 3534 et
1277 3463 1475 3537 coelestium

233 3579 430 3683 σύνταγμα
454 3581 505 3656 vel
531 3583 660 3655 doctam
687 3581 850 3678 quandam
883 3580 1030 3654 omnium
1068 3581 1109 3654 de
1136 3581 1381 3654 conditionibus
1408 3581 1474 3654 lru·

233 3703 352 3794 mauis,
367 3701 486 3798 iisque,
513 3700 751 3772 interveniente
777 3699 939 3794 religione
957 3698 1156 3791 Christiana,
1175 3722 1249 3772 cum
1265 3698 1475 3794 providentia

233 3820 342 3896 diviua
375 3819 545 3912 connexis,
573 3811 891 3914 φιλοσοφημάτων
918 3811 1144 3911 συμπλοκήν.
1186 3817 1246 3890 llis
1271 3841 1348 3890 vero
1375 3841 1473 3914 prae·

232 3938 344 4014 missis
370 3961 450 4010 uum
477 3937 555 4034 quid
582 3947 634 4007 est
658 3958 795 4008 necesse
822 3935 955 4008 disertis
981 3934 1089 4007 verbis
1116 3935 1251 4026 addere,
1276 3957 1330 4007 me
1357 3934 1473 4008 dicore

232 4057 384 4132 Divinam
416 4055 517 4128 divini
543 4053 659 4128 llantis
685 4053 858 4149 Alligherii
885 4051 1114 4146 comoediam,
1149 4077 1247 4151 quarn
1273 4051 1320 4124 Te
1346 4052 1472 4148 ipsum,

233 4177 394 4258 ancrrrs
427 4174 668 4264 Sarranum,
703 4196 766 4270 qua
807 4195 844 4245 es
878 4170 1010 4266 linguae
1036 4170 1167 4242 italicae
1200 4171 1323 4244 saeculi
1352 4169 1471 4244 [lantei

234 4295 423 4392 cognitione
457 4302 490 4364 et
522 4293 557 4364 in
591 4289 781 4364 reserandis
814 4289 1068 4386 aperiendisque
1100 4287 1254 4360 sensibus
1287 4289 1471 4363 reconditis

233 4412 438 4504 dexteritate,
463 4409 499 4481 in
523 4407 670 4503 lingum
694 4407 834 4504 patriam
854 4408 958 4480 multo
984 4404 1230 4504 elegantissime
1256 4405 1467 4480 transtulisse
