<?xml version="1.0" encoding="UTF-8"?>
<!DOCTYPE html PUBLIC "-//W3C//DTD XHTML 1.0 Transitional//EN"
    "http://www.w3.org/TR/xhtml1/DTD/xhtml1-transitional.dtd">
<html xmlns="http://www.w3.org/1999/xhtml" xml:lang="en" lang="en">
 <head>
  <title>
</title>
<meta http-equiv="Content-Type" content="text/html;charset=utf-8" />
  <meta name='ocr-system' content='tesseract 3.04.00' />
  <meta name='ocr-capabilities' content='ocr_page ocr_carea ocr_par ocr_line ocrx_word'/>
</head>
<body>
  <div class='ocr_page' id='page_1' title='image "./divinacomoedia00piazgoog_0375.png"; bbox 0 0 3136 5164; ppageno 0'>
   <div class='ocr_carea' id='block_1_1' title="bbox 301 419 962 483">
    <p class='ocr_par' dir='ltr' id='par_1_1' title="bbox 301 419 962 483">
     <span class='ocr_line' id='line_1_1' title="bbox 301 419 962 483; baseline 0.005 -16"><span class='ocrx_word' id='word_1_1' title='bbox 301 419 364 483; x_wconf 79' lang='lat'><strong>294</strong></span> <span class='ocrx_word' id='word_1_2' title='bbox 762 421 895 470; x_wconf 79' lang='lat' dir='ltr'><strong>eaneorsr</strong></span> <span class='ocrx_word' id='word_1_3' title='bbox 914 423 962 470; x_wconf 78' lang='lat' dir='ltr'><strong>un</strong></span> 
     </span>
    </p>
   </div>
   <div class='ocr_carea' id='block_1_2' title="bbox 255 515 706 526">
    <p class='ocr_par' dir='ltr' id='par_1_2' title="bbox 255 515 706 526">
     <span class='ocr_line' id='line_1_2' title="bbox 255 515 706 526; baseline -0.002 -1"><span class='ocrx_word' id='word_1_4' title='bbox 255 515 379 526; x_wconf 61' lang='lat' dir='ltr'>u——-..</span> <span class='ocrx_word' id='word_1_5' title='bbox 391 515 706 524; x_wconf 56' lang='lat' dir='ltr'><strong>*a——uaeu-nnu</strong></span> 
     </span>
    </p>
   </div>
   <div class='ocr_carea' id='block_1_3' title="bbox 300 637 1363 3014">
    <p class='ocr_par' dir='ltr' id='par_1_3' title="bbox 300 637 1363 3014">
     <span class='ocr_line' id='line_1_3' title="bbox 367 637 1140 719; baseline 0.003 -19"><span class='ocrx_word' id='word_1_6' title='bbox 367 639 441 700; x_wconf 86' lang='lat' dir='ltr'><strong>Pars</strong></span> <span class='ocrx_word' id='word_1_7' title='bbox 463 647 509 700; x_wconf 89' lang='lat' dir='ltr'><strong>est</strong></span> <span class='ocrx_word' id='word_1_8' title='bbox 541 637 669 712; x_wconf 76' lang='lat' dir='ltr'><strong>aetitiae,</strong></span> <span class='ocrx_word' id='word_1_9' title='bbox 692 637 761 718; x_wconf 85' lang='lat' dir='ltr'><strong>quia</strong></span> <span class='ocrx_word' id='word_1_10' title='bbox 784 657 841 702; x_wconf 85' lang='lat' dir='ltr'><strong>neo</strong></span> <span class='ocrx_word' id='word_1_11' title='bbox 862 639 975 719; x_wconf 86' lang='lat' dir='ltr'><strong>majora</strong></span> <span class='ocrx_word' id='word_1_12' title='bbox 996 637 1140 711; x_wconf 85' lang='lat' dir='ltr'><strong>ridemus,</strong></span> 
     </span>
     <span class='ocr_line' id='line_1_4' title="bbox 367 747 1363 832; baseline 0.005 -23"><span class='ocrx_word' id='word_1_13' title='bbox 367 748 428 810; x_wconf 85' lang='lat' dir='ltr'><strong>Nee</strong></span> <span class='ocrx_word' id='word_1_14' title='bbox 449 747 549 810; x_wconf 91' lang='lat' dir='ltr'><strong>minus</strong></span> <span class='ocrx_word' id='word_1_15' title='bbox 571 748 668 828; x_wconf 86' lang='lat' dir='ltr'><strong>ampla</strong></span> <span class='ocrx_word' id='word_1_16' title='bbox 691 747 766 810; x_wconf 81' lang='lat' dir='ltr'><strong>daei.</strong></span> <span class='ocrx_word' id='word_1_17' title='bbox 810 748 886 810; x_wconf 81' lang='lat' dir='ltr'><strong>ilino</strong></span> <span class='ocrx_word' id='word_1_18' title='bbox 904 748 996 829; x_wconf 82' lang='lat' dir='ltr'><strong>judex</strong></span> <span class='ocrx_word' id='word_1_19' title='bbox 1017 747 1058 810; x_wconf 85' lang='lat' dir='ltr'><strong>ita</strong></span> <span class='ocrx_word' id='word_1_20' title='bbox 1080 757 1227 830; x_wconf 80' lang='lat' dir='ltr'><strong>temperat</strong></span> <span class='ocrx_word' id='word_1_21' title='bbox 1248 769 1363 832; x_wconf 82' lang='lat' dir='ltr'><strong>aequus</strong></span> 
     </span>
     <span class='ocr_line' id='line_1_5' title="bbox 367 856 1120 937; baseline 0.003 -19"><span class='ocrx_word' id='word_1_22' title='bbox 367 858 402 919; x_wconf 94' lang='lat' dir='ltr'><strong>ln</strong></span> <span class='ocrx_word' id='word_1_23' title='bbox 424 857 512 918; x_wconf 91' lang='lat' dir='ltr'><strong>nobis</strong></span> <span class='ocrx_word' id='word_1_24' title='bbox 534 868 643 937; x_wconf 76' lang='lat' dir='ltr'><strong>peetus</strong></span> <span class='ocrx_word' id='word_1_25' title='bbox 663 856 830 930; x_wconf 78' lang='lat' dir='ltr'><strong>mulcendo,</strong></span> <span class='ocrx_word' id='word_1_26' title='bbox 854 866 885 920; x_wconf 82' lang='lat' dir='ltr'><strong>ul</strong></span> <span class='ocrx_word' id='word_1_27' title='bbox 907 857 987 920; x_wconf 86' lang='lat' dir='ltr'><strong>nulla</strong></span> <span class='ocrx_word' id='word_1_28' title='bbox 1010 858 1120 937; x_wconf 86' lang='lat' dir='ltr'><strong>oupido</strong></span> 
     </span>
     <span class='ocr_line' id='line_1_6' title="bbox 366 967 1250 1049; baseline 0.005 -21"><span class='ocrx_word' id='word_1_29' title='bbox 366 967 429 1029; x_wconf 88' lang='lat' dir='ltr'><strong>Nos</strong></span> <span class='ocrx_word' id='word_1_30' title='bbox 451 985 580 1047; x_wconf 84' lang='lat' dir='ltr'><strong>unquam</strong></span> <span class='ocrx_word' id='word_1_31' title='bbox 603 967 641 1029; x_wconf 86' lang='lat' dir='ltr'><strong>ad</strong></span> <span class='ocrx_word' id='word_1_32' title='bbox 663 967 795 1029; x_wconf 83' lang='lat' dir='ltr'><strong>studium</strong></span> <span class='ocrx_word' id='word_1_33' title='bbox 817 967 964 1030; x_wconf 79' lang='lat' dir='ltr'>deducere</span> <span class='ocrx_word' id='word_1_34' title='bbox 987 967 1085 1047; x_wconf 76' lang='lat' dir='ltr'><strong>possib</strong></span> <span class='ocrx_word' id='word_1_35' title='bbox 1105 968 1250 1049; x_wconf 88' lang='lat' dir='ltr'><strong>iniquum.</strong></span> 
     </span>
     <span class='ocr_line' id='line_1_7' title="bbox 302 1075 1142 1144; baseline 0.002 -6"><span class='ocrx_word' id='word_1_36' title='bbox 302 1089 349 1144; x_wconf 77' lang='lat'><strong>125</strong></span> <span class='ocrx_word' id='word_1_37' title='bbox 409 1075 525 1138; x_wconf 85' lang='lat' dir='ltr'><strong>Diversi</strong></span> <span class='ocrx_word' id='word_1_38' title='bbox 546 1094 653 1138; x_wconf 88' lang='lat' dir='ltr'><strong>meum</strong></span> <span class='ocrx_word' id='word_1_39' title='bbox 674 1075 791 1138; x_wconf 80' lang='lat' dir='ltr'><strong>sonitus</strong></span> <span class='ocrx_word' id='word_1_40' title='bbox 813 1076 1015 1138; x_wconf 77' lang='lat' dir='ltr'><strong>modulamine</strong></span> <span class='ocrx_word' id='word_1_41' title='bbox 1037 1077 1142 1140; x_wconf 79' lang='lat' dir='ltr'>dulces</span> 
     </span>
     <span class='ocr_line' id='line_1_8' title="bbox 366 1185 1270 1268; baseline 0.006 -22"><span class='ocrx_word' id='word_1_42' title='bbox 366 1185 445 1247; x_wconf 83' lang='lat' dir='ltr'><strong>Dant</strong></span> <span class='ocrx_word' id='word_1_43' title='bbox 465 1203 623 1258; x_wconf 82' lang='lat' dir='ltr'><strong>numeros3</strong></span> <span class='ocrx_word' id='word_1_44' title='bbox 646 1186 758 1265; x_wconf 78' lang='lat' dir='ltr'><strong>pariter</strong></span> <span class='ocrx_word' id='word_1_45' title='bbox 779 1203 901 1248; x_wconf 85' lang='lat' dir='ltr'><strong>soamua</strong></span> <span class='ocrx_word' id='word_1_46' title='bbox 923 1185 998 1248; x_wconf 88' lang='lat' dir='ltr'><strong>baeu</strong></span> <span class='ocrx_word' id='word_1_47' title='bbox 1019 1185 1137 1248; x_wconf 75' lang='lat' dir='ltr'><strong>diversa</strong></span> <span class='ocrx_word' id='word_1_48' title='bbox 1156 1189 1270 1268; x_wconf 82' lang='lat' dir='ltr'><strong>potitos</strong></span> 
     </span>
     <span class='ocr_line' id='line_1_9' title="bbox 366 1294 1185 1368; baseline 0.002 -12"><span class='ocrx_word' id='word_1_49' title='bbox 366 1294 428 1357; x_wconf 86' lang='lat' dir='ltr'><strong>liae</strong></span> <span class='ocrx_word' id='word_1_50' title='bbox 450 1294 519 1368; x_wconf 83' lang='lat' dir='ltr'><strong>rite,</strong></span> <span class='ocrx_word' id='word_1_51' title='bbox 541 1294 664 1358; x_wconf 75' lang='lat' dir='ltr'><strong>istarum</strong></span> <span class='ocrx_word' id='word_1_52' title='bbox 686 1296 840 1359; x_wconf 87' lang='lat' dir='ltr'><strong>harmonia</strong></span> <span class='ocrx_word' id='word_1_53' title='bbox 863 1304 1023 1358; x_wconf 76' lang='lat' dir='ltr'>resonante</span> <span class='ocrx_word' id='word_1_54' title='bbox 1044 1305 1185 1368; x_wconf 83' lang='lat' dir='ltr'><strong>rotarum,</strong></span> 
     </span>
     <span class='ocr_line' id='line_1_10' title="bbox 365 1403 1210 1485; baseline 0.004 -19"><span class='ocrx_word' id='word_1_55' title='bbox 365 1403 457 1466; x_wconf 81' lang='lat' dir='ltr'><strong>Dulce</strong></span> <span class='ocrx_word' id='word_1_56' title='bbox 479 1403 579 1468; x_wconf 64' lang='lat' dir='ltr'><strong>benun</strong></span> <span class='ocrx_word' id='word_1_57' title='bbox 622 1404 776 1485; x_wconf 84' lang='lat' dir='ltr'><strong>llujusque</strong></span> <span class='ocrx_word' id='word_1_58' title='bbox 797 1405 945 1467; x_wconf 88' lang='lat' dir='ltr'><strong>inolusuur</strong></span> <span class='ocrx_word' id='word_1_59' title='bbox 967 1404 1079 1468; x_wconf 90' lang='lat' dir='ltr'><strong>lumine</strong></span> <span class='ocrx_word' id='word_1_60' title='bbox 1100 1405 1210 1469; x_wconf 86' lang='lat' dir='ltr'><strong>baooae</strong></span> 
     </span>
     <span class='ocr_line' id='line_1_11' title="bbox 366 1512 1209 1594; baseline 0.005 -20"><span class='ocrx_word' id='word_1_61' title='bbox 366 1513 490 1576; x_wconf 83' lang='lat' dir='ltr'><strong>Romaei</strong></span> <span class='ocrx_word' id='word_1_62' title='bbox 511 1523 559 1576; x_wconf 85' lang='lat' dir='ltr'><strong>esl</strong></span> <span class='ocrx_word' id='word_1_63' title='bbox 578 1512 688 1586; x_wconf 88' lang='lat' dir='ltr'><strong>lumen,</strong></span> <span class='ocrx_word' id='word_1_64' title='bbox 712 1512 760 1578; x_wconf 87' lang='lat' dir='ltr'><strong>eui</strong></span> <span class='ocrx_word' id='word_1_65' title='bbox 782 1514 905 1592; x_wconf 78' lang='lat' dir='ltr'><strong>grandia</strong></span> <span class='ocrx_word' id='word_1_66' title='bbox 927 1513 1109 1594; x_wconf 77' lang='lat' dir='ltr'><strong>pulchraque.</strong></span> <span class='ocrx_word' id='word_1_67' title='bbox 1131 1517 1209 1578; x_wconf 84' lang='lat' dir='ltr'><strong>laeta</strong></span> 
     </span>
     <span class='ocr_line' id='line_1_12' title="bbox 301 1623 1250 1704; baseline 0.003 -19"><span class='ocrx_word' id='word_1_68' title='bbox 301 1633 349 1685; x_wconf 80' lang='lat'><strong>13⁰</strong></span> <span class='ocrx_word' id='word_1_69' title='bbox 367 1623 529 1684; x_wconf 80' lang='lat' dir='ltr'><strong>Cesserunt</strong></span> <span class='ocrx_word' id='word_1_70' title='bbox 550 1623 626 1686; x_wconf 89' lang='lat' dir='ltr'><strong>male</strong></span> <span class='ocrx_word' id='word_1_71' title='bbox 649 1623 727 1703; x_wconf 85' lang='lat' dir='ltr'><strong>apud</strong></span> <span class='ocrx_word' id='word_1_72' title='bbox 748 1624 825 1686; x_wconf 87' lang='lat' dir='ltr'><strong>male</strong></span> <span class='ocrx_word' id='word_1_73' title='bbox 848 1633 964 1702; x_wconf 62' lang='lat' dir='ltr'><strong>gratnm</strong></span> <span class='ocrx_word' id='word_1_74' title='bbox 988 1623 1041 1686; x_wconf 84' lang='lat' dir='ltr'><strong>sed</strong></span> <span class='ocrx_word' id='word_1_75' title='bbox 1064 1641 1161 1704; x_wconf 85' lang='lat' dir='ltr'><strong>neque</strong></span> <span class='ocrx_word' id='word_1_76' title='bbox 1183 1626 1250 1688; x_wconf 76' lang='lat' dir='ltr'><strong>risit</strong></span> 
     </span>
     <span class='ocr_line' id='line_1_13' title="bbox 365 1731 1159 1812; baseline 0.003 -20"><span class='ocrx_word' id='word_1_77' title='bbox 365 1732 533 1794; x_wconf 72' lang='lat' dir='ltr'><strong>adversans</strong></span> <span class='ocrx_word' id='word_1_78' title='bbox 555 1731 665 1794; x_wconf 83' lang='lat' dir='ltr'><strong>Narbo.</strong></span> <span class='ocrx_word' id='word_1_79' title='bbox 711 1733 810 1806; x_wconf 79' lang='lat' dir='ltr'><strong>Quare</strong></span> <span class='ocrx_word' id='word_1_80' title='bbox 831 1733 908 1812; x_wconf 82' lang='lat' dir='ltr'><strong>peoe</strong></span> <span class='ocrx_word' id='word_1_81' title='bbox 930 1733 1078 1795; x_wconf 77' lang='lat' dir='ltr'><strong>elauulioal</strong></span> <span class='ocrx_word' id='word_1_82' title='bbox 1099 1733 1159 1807; x_wconf 83' lang='lat' dir='ltr'><strong>ille,</strong></span> 
     </span>
     <span class='ocr_line' id='line_1_14' title="bbox 365 1840 1133 1922; baseline 0.005 -20"><span class='ocrx_word' id='word_1_83' title='bbox 365 1840 424 1913; x_wconf 80' lang='lat' dir='ltr'><strong>Qui</strong></span> <span class='ocrx_word' id='word_1_84' title='bbox 447 1841 583 1902; x_wconf 81' lang='lat' dir='ltr'><strong>nocitura</strong></span> <span class='ocrx_word' id='word_1_85' title='bbox 606 1840 663 1902; x_wconf 91' lang='lat' dir='ltr'><strong>sibi</strong></span> <span class='ocrx_word' id='word_1_86' title='bbox 687 1841 810 1904; x_wconf 85' lang='lat' dir='ltr'><strong>alterius</strong></span> <span class='ocrx_word' id='word_1_87' title='bbox 830 1843 987 1906; x_wconf 85' lang='lat' dir='ltr'><strong>benelaola</strong></span> <span class='ocrx_word' id='word_1_88' title='bbox 1010 1843 1133 1922; x_wconf 74' lang='lat' dir='ltr'><strong>putant.</strong></span> 
     </span>
     <span class='ocr_line' id='line_1_15' title="bbox 364 1949 1110 2028; baseline 0.003 -17"><span class='ocrx_word' id='word_1_89' title='bbox 364 1950 416 2011; x_wconf 90' lang='lat' dir='ltr'><strong>Bis</strong></span> <span class='ocrx_word' id='word_1_90' title='bbox 438 1951 572 2028; x_wconf 78' lang='lat' dir='ltr'><strong>geminas</strong></span> <span class='ocrx_word' id='word_1_91' title='bbox 594 1951 699 2014; x_wconf 82' lang='lat' dir='ltr'><strong>lrebuil</strong></span> <span class='ocrx_word' id='word_1_92' title='bbox 720 1963 805 2014; x_wconf 80' lang='lat' dir='ltr'><strong>natas</strong></span> <span class='ocrx_word' id='word_1_93' title='bbox 825 1949 1008 2022; x_wconf 71' lang='lat' dir='ltr'><strong>numeneus,</strong></span> <span class='ocrx_word' id='word_1_94' title='bbox 1031 1953 1110 2015; x_wconf 80' lang='lat' dir='ltr'><strong>avito</strong></span> 
     </span>
     <span class='ocr_line' id='line_1_16' title="bbox 365 2059 1178 2140; baseline 0.01 -20"><span class='ocrx_word' id='word_1_95' title='bbox 365 2059 500 2132; x_wconf 87' lang='lat' dir='ltr'><strong>Nomine,</strong></span> <span class='ocrx_word' id='word_1_96' title='bbox 523 2060 603 2139; x_wconf 82' lang='lat' dir='ltr'><strong>quod</strong></span> <span class='ocrx_word' id='word_1_97' title='bbox 625 2060 749 2123; x_wconf 78' lang='lat' dir='ltr'><strong>dederat</strong></span> <span class='ocrx_word' id='word_1_98' title='bbox 770 2079 843 2140; x_wconf 81' lang='lat' dir='ltr'><strong>gens</strong></span> <span class='ocrx_word' id='word_1_99' title='bbox 864 2062 1057 2140; x_wconf 77' lang='lat' dir='ltr'><strong>berlingaria,</strong></span> <span class='ocrx_word' id='word_1_100' title='bbox 1080 2073 1178 2128; x_wconf 83' lang='lat' dir='ltr'><strong>nolus.</strong></span> 
     </span>
     <span class='ocr_line' id='line_1_17' title="bbox 300 2167 1021 2250; baseline 0.003 -20"><span class='ocrx_word' id='word_1_101' title='bbox 300 2173 347 2232; x_wconf 74' lang='lat'><strong>1³5</strong></span> <span class='ocrx_word' id='word_1_102' title='bbox 366 2169 477 2232; x_wconf 89' lang='lat' dir='ltr'><strong>Omnes</strong></span> <span class='ocrx_word' id='word_1_103' title='bbox 499 2169 629 2248; x_wconf 77' lang='lat' dir='ltr'><strong>reginas,</strong></span> <span class='ocrx_word' id='word_1_104' title='bbox 650 2167 793 2248; x_wconf 79' lang='lat' dir='ltr'><strong>ignobilis</strong></span> <span class='ocrx_word' id='word_1_105' title='bbox 814 2189 849 2232; x_wconf 88' lang='lat' dir='ltr'><strong>ao</strong></span> <span class='ocrx_word' id='word_1_106' title='bbox 871 2171 1021 2250; x_wconf 78' lang='lat' dir='ltr'><strong>peregrini</strong></span> 
     </span>
     <span class='ocr_line' id='line_1_18' title="bbox 366 2278 1125 2362; baseline 0 -20"><span class='ocrx_word' id='word_1_107' title='bbox 366 2280 442 2342; x_wconf 90' lang='lat' dir='ltr'><strong>Cura</strong></span> <span class='ocrx_word' id='word_1_108' title='bbox 463 2278 597 2340; x_wconf 84' lang='lat' dir='ltr'><strong>Romaei.</strong></span> <span class='ocrx_word' id='word_1_109' title='bbox 641 2279 755 2342; x_wconf 85' lang='lat' dir='ltr'><strong>Deinde</strong></span> <span class='ocrx_word' id='word_1_110' title='bbox 777 2299 830 2342; x_wconf 86' lang='lat' dir='ltr'><strong>ore</strong></span> <span class='ocrx_word' id='word_1_111' title='bbox 851 2288 899 2342; x_wconf 83' lang='lat' dir='ltr'><strong>sal</strong></span> <span class='ocrx_word' id='word_1_112' title='bbox 922 2280 973 2342; x_wconf 94' lang='lat' dir='ltr'><strong>ille</strong></span> <span class='ocrx_word' id='word_1_113' title='bbox 994 2280 1125 2362; x_wconf 88' lang='lat' dir='ltr'><strong>superbo</strong></span> 
     </span>
     <span class='ocr_line' id='line_1_19' title="bbox 364 2388 1143 2471; baseline 0 -20"><span class='ocrx_word' id='word_1_114' title='bbox 364 2388 450 2451; x_wconf 84' lang='lat' dir='ltr'><strong>lione</strong></span> <span class='ocrx_word' id='word_1_115' title='bbox 467 2389 581 2468; x_wconf 77' lang='lat' dir='ltr'><strong>J&#39;uslum</strong></span> <span class='ocrx_word' id='word_1_116' title='bbox 605 2395 697 2450; x_wconf 78' lang='lat' dir='ltr'><strong>totum</strong></span> <span class='ocrx_word' id='word_1_117' title='bbox 719 2390 866 2452; x_wconf 80' lang='lat' dir='ltr'><strong>rationem</strong></span> <span class='ocrx_word' id='word_1_118' title='bbox 888 2389 1022 2452; x_wconf 80' lang='lat' dir='ltr'><strong>evolvere</strong></span> <span class='ocrx_word' id='word_1_119' title='bbox 1042 2390 1143 2471; x_wconf 81' lang='lat' dir='ltr'><strong>jussu,</strong></span> 
     </span>
     <span class='ocr_line' id='line_1_20' title="bbox 363 2496 1196 2579; baseline 0.002 -19"><span class='ocrx_word' id='word_1_120' title='bbox 363 2496 415 2560; x_wconf 89' lang='lat' dir='ltr'><strong>Bis</strong></span> <span class='ocrx_word' id='word_1_121' title='bbox 437 2496 487 2558; x_wconf 91' lang='lat' dir='ltr'><strong>ubi</strong></span> <span class='ocrx_word' id='word_1_122' title='bbox 511 2515 584 2559; x_wconf 82' lang='lat' dir='ltr'><strong>sena</strong></span> <span class='ocrx_word' id='word_1_123' title='bbox 604 2497 697 2571; x_wconf 71' lang='lat' dir='ltr'><strong>uenit,</strong></span> <span class='ocrx_word' id='word_1_124' title='bbox 720 2517 867 2579; x_wconf 86' lang='lat' dir='ltr'><strong>quaeres</strong></span> <span class='ocrx_word' id='word_1_125' title='bbox 889 2499 937 2561; x_wconf 89' lang='lat' dir='ltr'><strong>bis</strong></span> <span class='ocrx_word' id='word_1_126' title='bbox 960 2499 1051 2578; x_wconf 87' lang='lat' dir='ltr'><strong>quina</strong></span> <span class='ocrx_word' id='word_1_127' title='bbox 1073 2499 1196 2563; x_wconf 72' lang='lat' dir='ltr'><strong>serebat.</strong></span> 
     </span>
     <span class='ocr_line' id='line_1_21' title="bbox 364 2605 1148 2688; baseline 0.003 -20"><span class='ocrx_word' id='word_1_128' title='bbox 364 2606 438 2668; x_wconf 87' lang='lat' dir='ltr'><strong>Inde</strong></span> <span class='ocrx_word' id='word_1_129' title='bbox 459 2605 510 2666; x_wconf 87' lang='lat' dir='ltr'><strong>bio</strong></span> <span class='ocrx_word' id='word_1_130' title='bbox 531 2607 623 2670; x_wconf 85' lang='lat' dir='ltr'><strong>cessit</strong></span> <span class='ocrx_word' id='word_1_131' title='bbox 644 2608 732 2688; x_wconf 86' lang='lat' dir='ltr'><strong>inops</strong></span> <span class='ocrx_word' id='word_1_132' title='bbox 755 2617 786 2671; x_wconf 84' lang='lat' dir='ltr'><strong>el</strong></span> <span class='ocrx_word' id='word_1_133' title='bbox 807 2608 908 2670; x_wconf 82' lang='lat' dir='ltr'><strong>multis</strong></span> <span class='ocrx_word' id='word_1_134' title='bbox 930 2608 1038 2670; x_wconf 89' lang='lat' dir='ltr'><strong>debilis</strong></span> <span class='ocrx_word' id='word_1_135' title='bbox 1061 2609 1148 2672; x_wconf 88' lang='lat' dir='ltr'><strong>annis</strong></span> 
     </span>
     <span class='ocr_line' id='line_1_22' title="bbox 300 2715 1178 2795; baseline 0.006 -19"><span class='ocrx_word' id='word_1_136' title='bbox 300 2723 348 2776; x_wconf 73' lang='lat'><strong>14⁰</strong></span> <span class='ocrx_word' id='word_1_137' title='bbox 364 2715 402 2776; x_wconf 80' lang='grc' dir='ltr'><strong>Αῑ</strong></span> <span class='ocrx_word' id='word_1_138' title='bbox 424 2715 450 2776; x_wconf 94' lang='lat' dir='ltr'><strong>si</strong></span> <span class='ocrx_word' id='word_1_139' title='bbox 472 2716 653 2795; x_wconf 81' lang='lat' dir='ltr'><strong>magnanimi</strong></span> <span class='ocrx_word' id='word_1_140' title='bbox 676 2718 805 2779; x_wconf 85' lang='lat' dir='ltr'><strong>mundus</strong></span> <span class='ocrx_word' id='word_1_141' title='bbox 827 2737 880 2780; x_wconf 88' lang='lat' dir='ltr'><strong>oor</strong></span> <span class='ocrx_word' id='word_1_142' title='bbox 901 2726 1014 2792; x_wconf 78' lang='lat' dir='ltr'><strong>nosset,</strong></span> <span class='ocrx_word' id='word_1_143' title='bbox 1037 2718 1066 2780; x_wconf 94' lang='lat' dir='ltr'><strong>in</strong></span> <span class='ocrx_word' id='word_1_144' title='bbox 1089 2737 1178 2781; x_wconf 89' lang='lat' dir='ltr'><strong>omno</strong></span> 
     </span>
     <span class='ocr_line' id='line_1_23' title="bbox 364 2824 1137 2907; baseline 0.005 -21"><span class='ocrx_word' id='word_1_145' title='bbox 364 2824 523 2887; x_wconf 83' lang='lat' dir='ltr'><strong>Mendicati</strong></span> <span class='ocrx_word' id='word_1_146' title='bbox 546 2842 651 2886; x_wconf 86' lang='lat' dir='ltr'><strong>aevum</strong></span> <span class='ocrx_word' id='word_1_147' title='bbox 672 2827 822 2890; x_wconf 80' lang='lat' dir='ltr'><strong>lmstalisn</strong></span> <span class='ocrx_word' id='word_1_148' title='bbox 844 2828 1008 2907; x_wconf 81' lang='lat' dir='ltr'><strong>quamlibet</strong></span> <span class='ocrx_word' id='word_1_149' title='bbox 1028 2847 1137 2900; x_wconf 82' lang='lat' dir='ltr'><strong>eseam,</strong></span> 
     </span>
     <span class='ocr_line' id='line_1_24' title="bbox 363 2931 1165 3014; baseline 0.006 -18"><span class='ocrx_word' id='word_1_150' title='bbox 363 2931 528 2996; x_wconf 84' lang='lat' dir='ltr'><strong>Laudatum</strong></span> <span class='ocrx_word' id='word_1_151' title='bbox 550 2933 634 2998; x_wconf 83' lang='lat' dir='ltr'><strong>ualde</strong></span> <span class='ocrx_word' id='word_1_152' title='bbox 656 2935 751 3014; x_wconf 78' lang='lat' dir='ltr'><strong>magis</strong></span> <span class='ocrx_word' id='word_1_153' title='bbox 772 2936 852 3000; x_wconf 86' lang='lat' dir='ltr'><strong>buno</strong></span> <span class='ocrx_word' id='word_1_154' title='bbox 873 2939 996 3000; x_wconf 78' lang='lat' dir='ltr'><strong>efferret</strong></span> <span class='ocrx_word' id='word_1_155' title='bbox 1016 2938 1053 3000; x_wconf 88' lang='lat' dir='ltr'><strong>ad</strong></span> <span class='ocrx_word' id='word_1_156' title='bbox 1076 2947 1165 3002; x_wconf 74' lang='lat' dir='ltr'><strong>asim.</strong></span> 
     </span>
    </p>
   </div>
   <div class='ocr_carea' id='block_1_4' title="bbox 817 3197 939 3279">
    <p class='ocr_par' dir='ltr' id='par_1_4' title="bbox 817 3197 939 3279">
     <span class='ocr_line' id='line_1_25' title="bbox 817 3197 939 3279; baseline 0.008 -1"><span class='ocrx_word' id='word_1_157' title='bbox 817 3267 822 3278; x_wconf 92' lang='lat'>.</span> <span class='ocrx_word' id='word_1_158' title='bbox 868 3197 939 3279; x_wconf 81' lang='lat' dir='ltr'><strong>llll·</strong></span> 
     </span>
    </p>
   </div>
   <div class='ocr_carea' id='block_1_5' title="bbox 333 3373 1280 4328">
    <p class='ocr_par' dir='ltr' id='par_1_5' title="bbox 365 3373 1208 3778">
     <span class='ocr_line' id='line_1_26' title="bbox 408 3373 1154 3456; baseline 0.007 -22"><span class='ocrx_word' id='word_1_159' title='bbox 408 3373 458 3434; x_wconf 89' lang='lat' dir='ltr'><strong>Sis</strong></span> <span class='ocrx_word' id='word_1_160' title='bbox 480 3373 567 3436; x_wconf 93' lang='lat' dir='ltr'><strong>nobis</strong></span> <span class='ocrx_word' id='word_1_161' title='bbox 590 3374 691 3445; x_wconf 78' lang='lat' dir='ltr'><strong>tutela,</strong></span> <span class='ocrx_word' id='word_1_162' title='bbox 714 3373 804 3444; x_wconf 85' lang='lat' dir='ltr'><strong>Deus,</strong></span> <span class='ocrx_word' id='word_1_163' title='bbox 826 3382 873 3438; x_wconf 86' lang='lat' dir='ltr'><strong>ler</strong></span> <span class='ocrx_word' id='word_1_164' title='bbox 893 3383 996 3438; x_wconf 79' lang='lat' dir='ltr'><strong>sancia</strong></span> <span class='ocrx_word' id='word_1_165' title='bbox 1018 3383 1154 3456; x_wconf 75' lang='lat' dir='ltr'><strong>potestas</strong></span> 
     </span>
     <span class='ocr_line' id='line_1_27' title="bbox 365 3483 1133 3563; baseline 0.004 -19"><span class='ocrx_word' id='word_1_166' title='bbox 365 3483 484 3561; x_wconf 81' lang='lat' dir='ltr'><strong>Pugnas</strong></span> <span class='ocrx_word' id='word_1_167' title='bbox 506 3491 690 3563; x_wconf 79' lang='lat' dir='ltr'><strong>pugnantum</strong></span> <span class='ocrx_word' id='word_1_168' title='bbox 712 3502 747 3546; x_wconf 85' lang='lat' dir='ltr'><strong>ae</strong></span> <span class='ocrx_word' id='word_1_169' title='bbox 767 3483 918 3558; x_wconf 74' lang='lat' dir='ltr'><strong>virtulum,</strong></span> <span class='ocrx_word' id='word_1_170' title='bbox 941 3484 1007 3548; x_wconf 89' lang='lat' dir='ltr'><strong>luoe</strong></span> <span class='ocrx_word' id='word_1_171' title='bbox 1028 3485 1133 3550; x_wconf 70' lang='lat' dir='ltr'><strong>bessos</strong></span> 
     </span>
     <span class='ocr_line' id='line_1_28' title="bbox 367 3592 1208 3671; baseline 0.01 -19"><span class='ocrx_word' id='word_1_172' title='bbox 367 3592 425 3664; x_wconf 81' lang='lat' dir='ltr'><strong>Qui</strong></span> <span class='ocrx_word' id='word_1_173' title='bbox 442 3592 521 3654; x_wconf 84' lang='lat' dir='ltr'><strong>clara</strong></span> <span class='ocrx_word' id='word_1_174' title='bbox 544 3592 689 3671; x_wconf 73' lang='lat' dir='ltr'><strong>affulgens</strong></span> <span class='ocrx_word' id='word_1_175' title='bbox 712 3593 797 3670; x_wconf 81' lang='lat' dir='ltr'><strong>ignes</strong></span> <span class='ocrx_word' id='word_1_176' title='bbox 818 3593 891 3658; x_wconf 81' lang='lat' dir='ltr'><strong>baec</strong></span> <span class='ocrx_word' id='word_1_177' title='bbox 912 3613 1033 3658; x_wconf 87' lang='lat' dir='ltr'><strong>scamna</strong></span> <span class='ocrx_word' id='word_1_178' title='bbox 1055 3605 1208 3660; x_wconf 75' lang='lat' dir='ltr'><strong>tenentum</strong></span> 
     </span>
     <span class='ocr_line' id='line_1_29' title="bbox 365 3699 1128 3778; baseline 0.008 -16"><span class='ocrx_word' id='word_1_179' title='bbox 365 3699 502 3762; x_wconf 82' lang='lat' dir='ltr'><strong>lllustras</strong></span> <span class='ocrx_word' id='word_1_180' title='bbox 524 3709 613 3764; x_wconf 81' lang='lat' dir='ltr'><strong>tulos.</strong></span> <span class='ocrx_word' id='word_1_181' title='bbox 657 3702 796 3766; x_wconf 85' lang='lat' dir='ltr'><strong>Vooelem</strong></span> <span class='ocrx_word' id='word_1_182' title='bbox 819 3703 860 3764; x_wconf 81' lang='lat' dir='ltr'><strong>ila</strong></span> <span class='ocrx_word' id='word_1_183' title='bbox 881 3705 973 3778; x_wconf 82' lang='lat' dir='ltr'><strong>nisus,</strong></span> <span class='ocrx_word' id='word_1_184' title='bbox 995 3713 1128 3777; x_wconf 74' lang='lat' dir='ltr'><strong>unable,</strong></span> 
     </span>
    </p>

    <p class='ocr_par' dir='ltr' id='par_1_6' title="bbox 333 3809 1280 3894">
     <span class='ocr_line' id='line_1_30' title="bbox 333 3809 1280 3894; baseline 0.006 -22"><span class='ocrx_word' id='word_1_185' title='bbox 333 3809 419 3872; x_wconf 78' lang='lat' dir='ltr'><strong>allle</strong></span> <span class='ocrx_word' id='word_1_186' title='bbox 441 3810 514 3871; x_wconf 92' lang='lat' dir='ltr'><strong>mibi</strong></span> <span class='ocrx_word' id='word_1_187' title='bbox 538 3811 702 3892; x_wconf 81' lang='lat' dir='ltr'><strong>arripuisse</strong></span> <span class='ocrx_word' id='word_1_188' title='bbox 723 3823 825 3874; x_wconf 86' lang='lat' dir='ltr'><strong>nolam</strong></span> <span class='ocrx_word' id='word_1_189' title='bbox 847 3822 893 3876; x_wconf 75' lang='lat' dir='ltr'><strong>ost</strong></span> <span class='ocrx_word' id='word_1_190' title='bbox 915 3815 1031 3894; x_wconf 83' lang='lat' dir='ltr'><strong>bosque</strong></span> <span class='ocrx_word' id='word_1_191' title='bbox 1053 3815 1142 3878; x_wconf 80' lang='lat' dir='ltr'><strong>edere</strong></span> <span class='ocrx_word' id='word_1_192' title='bbox 1164 3823 1280 3892; x_wconf 71' lang='lat' dir='ltr'><strong>oannes,</strong></span> 
     </span>
    </p>

    <p class='ocr_par' dir='ltr' id='par_1_7' title="bbox 365 3921 1244 4328">
     <span class='ocr_line' id='line_1_31' title="bbox 367 3921 1244 4003; baseline 0.006 -22"><span class='ocrx_word' id='word_1_193' title='bbox 367 3921 463 3994; x_wconf 84' lang='lat' dir='ltr'><strong>Quem</strong></span> <span class='ocrx_word' id='word_1_194' title='bbox 485 3938 577 4000; x_wconf 87' lang='lat' dir='ltr'><strong>super</strong></span> <span class='ocrx_word' id='word_1_195' title='bbox 597 3922 740 4001; x_wconf 78' lang='lat' dir='ltr'><strong>expandit</strong></span> <span class='ocrx_word' id='word_1_196' title='bbox 760 3921 943 4003; x_wconf 76' lang='lat' dir='ltr'><strong>duplicatum</strong></span> <span class='ocrx_word' id='word_1_197' title='bbox 966 3925 1083 3986; x_wconf 78' lang='lat' dir='ltr'><strong>llanrnua</strong></span> <span class='ocrx_word' id='word_1_198' title='bbox 1106 3925 1244 3988; x_wconf 76' lang='lat' dir='ltr'><strong>nitorem.</strong></span> 
     </span>
     <span class='ocr_line' id='line_1_32' title="bbox 365 4029 1147 4110; baseline 0.005 -19"><span class='ocrx_word' id='word_1_199' title='bbox 365 4029 432 4092; x_wconf 84' lang='lat' dir='ltr'><strong>llox</strong></span> <span class='ocrx_word' id='word_1_200' title='bbox 454 4029 529 4110; x_wconf 82' lang='lat' dir='ltr'><strong>ipse,</strong></span> <span class='ocrx_word' id='word_1_201' title='bbox 552 4039 641 4110; x_wconf 81' lang='lat' dir='ltr'><strong>alque</strong></span> <span class='ocrx_word' id='word_1_202' title='bbox 662 4029 713 4094; x_wconf 85' lang='lat' dir='ltr'><strong>elii</strong></span> <span class='ocrx_word' id='word_1_203' title='bbox 735 4050 839 4094; x_wconf 74' lang='lat' dir='ltr'><strong>means</strong></span> <span class='ocrx_word' id='word_1_204' title='bbox 861 4033 971 4098; x_wconf 79' lang='lat' dir='ltr'><strong>(luxere</strong></span> <span class='ocrx_word' id='word_1_205' title='bbox 992 4034 1147 4098; x_wconf 82' lang='lat' dir='ltr'><strong>choream:</strong></span> 
     </span>
     <span class='ocr_line' id='line_1_33' title="bbox 367 4138 1117 4220; baseline 0.009 -20"><span class='ocrx_word' id='word_1_206' title='bbox 367 4139 462 4219; x_wconf 75' lang='lat' dir='ltr'><strong>thue</strong></span> <span class='ocrx_word' id='word_1_207' title='bbox 484 4138 649 4202; x_wconf 79' lang='lat' dir='ltr'><strong>favillarum</strong></span> <span class='ocrx_word' id='word_1_208' title='bbox 672 4159 760 4220; x_wconf 79' lang='lat' dir='ltr'><strong>quam</strong></span> <span class='ocrx_word' id='word_1_209' title='bbox 781 4141 991 4206; x_wconf 72' lang='lat' dir='ltr'><strong>velocissimus</strong></span> <span class='ocrx_word' id='word_1_210' title='bbox 1010 4143 1117 4217; x_wconf 85' lang='lat' dir='ltr'><strong>imber,</strong></span> 
     </span>
     <span class='ocr_line' id='line_1_34' title="bbox 368 4248 1055 4328; baseline 0.003 -16"><span class='ocrx_word' id='word_1_211' title='bbox 368 4249 442 4312; x_wconf 86' lang='lat' dir='ltr'><strong>Sese</strong></span> <span class='ocrx_word' id='word_1_212' title='bbox 464 4248 628 4328; x_wconf 79' lang='lat' dir='ltr'><strong>improviso</strong></span> <span class='ocrx_word' id='word_1_213' title='bbox 648 4248 724 4310; x_wconf 90' lang='lat' dir='ltr'><strong>mibi</strong></span> <span class='ocrx_word' id='word_1_214' title='bbox 746 4251 880 4314; x_wconf 83' lang='lat' dir='ltr'><strong>volarem</strong></span> <span class='ocrx_word' id='word_1_215' title='bbox 901 4252 1055 4318; x_wconf 77' lang='lat' dir='ltr'><strong>obeuntes.</strong></span> 
     </span>
    </p>
   </div>
   <div class='ocr_carea' id='block_1_6' title="bbox 318 4353 1291 4445">
    <p class='ocr_par' dir='ltr' id='par_1_8' title="bbox 318 4353 1291 4445">
     <span class='ocr_line' id='line_1_35' title="bbox 318 4353 1291 4445; baseline 0.011 -25"><span class='ocrx_word' id='word_1_216' title='bbox 318 4367 351 4420; x_wconf 81' lang='lat' dir='ltr'><strong>lu</strong></span> <span class='ocrx_word' id='word_1_217' title='bbox 407 4359 441 4422; x_wconf 91' lang='lat' dir='ltr'><strong>lo</strong></span> <span class='ocrx_word' id='word_1_218' title='bbox 462 4353 554 4422; x_wconf 87' lang='lat' dir='ltr'><strong>dnbio</strong></span> <span class='ocrx_word' id='word_1_219' title='bbox 576 4358 736 4424; x_wconf 72' lang='lat' dir='ltr'><strong>haerebam</strong></span> <span class='ocrx_word' id='word_1_220' title='bbox 758 4367 787 4422; x_wconf 84' lang='lat' dir='ltr'><strong>el</strong></span> <span class='ocrx_word' id='word_1_221' title='bbox 809 4379 942 4426; x_wconf 83' lang='lat' dir='ltr'><strong>menum:</strong></span> <span class='ocrx_word' id='word_1_222' title='bbox 966 4362 1025 4434; x_wconf 78' lang='lat' dir='ltr'><strong>(lio,</strong></span> <span class='ocrx_word' id='word_1_223' title='bbox 1049 4363 1115 4444; x_wconf 84' lang='lat' dir='ltr'><strong>ipse</strong></span> <span class='ocrx_word' id='word_1_224' title='bbox 1136 4363 1291 4445; x_wconf 79' lang='lat' dir='ltr'><strong>loquebar,</strong></span> 
     </span>
    </p>
   </div>
   <div class='ocr_carea' id='block_1_7' title="bbox 871 4538 1472 4582">
    <p class='ocr_par' dir='ltr' id='par_1_9' title="bbox 871 4538 1472 4582">
     <span class='ocr_line' id='line_1_36' title="bbox 871 4538 1472 4582; baseline 0.003 -10"><span class='ocrx_word' id='word_1_225' title='bbox 871 4538 1472 4582; x_wconf 64' lang='lat'><em>-—·-——--—..--·--¹</em></span> 
     </span>
    </p>
   </div>
   <div class='ocr_carea' id='block_1_8' title="bbox 0 0 1572 5164">
    <p class='ocr_par' dir='ltr' id='par_1_10' title="bbox 0 0 1572 5164">
     <span class='ocr_line' id='line_1_37' title="bbox 0 0 1572 5164; baseline 0 2"><span class='ocrx_word' id='word_1_226' title='bbox 0 0 1572 5164; x_wconf 95' lang='lat' dir='ltr'><strong> </strong></span> 
     </span>
    </p>
   </div>
  </div>
 </body>
</html>
