3224 5166
432 347 1497 455 ....,--..-.-......-..-,....-.-,ἿΙ

1495 536 1497 555 ,

1494 564 1497 587 .

321 404 378 469 tot
767 405 946 456 runcrronu
965 405 1001 454 u.

383 624 482 704 Usque
503 632 583 685 ortes
604 623 703 704 poscit
724 623 844 684 solertis
866 609 1004 684 acumine
1026 622 1147 693 mentis,

382 734 421 795 Et
442 733 553 794 lunium
576 741 746 794 otrentum
769 731 900 808 ingenite
921 731 1028 794 uirtute
1050 741 1174 809 repente

384 843 482 904 llovit.
505 875 547 906 ,-
567 841 623 903 Ubi
646 851 692 904 est
714 841 858 904 exstincta
880 839 962 910 dics,
986 839 1112 916 callgine
1134 837 1239 902 vellem

192 977 197 988 ·
318 954 405 1013 titud
428 951 515 1013 Proto
538 950 643 1029 lluqno
666 951 695 1012 in
718 948 984 1012 eoelumsubtime
1006 949 1147 1010 minentis

382 1061 490 1123 Montis
513 1061 549 1122 ed
573 1079 668 1138 usque
686 1059 792 1138 jugum
813 1059 893 1120 texit
937 1058 1011 1120 llein
1033 1057 1164 1137 desuper
1185 1061 1318 1121 aethrem

383 1169 561 1240 Admonuit,
585 1170 742 1247 loetnsque
764 1167 796 1229 in
818 1185 925 1247 equam
947 1167 1120 1230 dissolvitur
1140 1174 1201 1228 cen,

365 1274 368 1283 ’
424 1277 623 1356 Praecipitant
644 1276 771 1350 imbres,
795 1285 824 1338 et
846 1295 922 1356 quos
940 1276 1001 1357 jem
1023 1284 1102 1338 terre
1123 1276 1266 1359 nequibat

384 1387 542 1466 Accipere,
564 1387 595 1448 in
619 1387 717 1468 losses
740 1386 806 1448 tulit
827 1388 969 1465 impetus,
992 1394 1083 1466 utque
1105 1386 1225 1448 liuentis

319 1507 367 1559 125
384 1497 448 1557 llos
471 1495 550 1558 solet
570 1513 638 1556 esse
660 1495 785 1575 amplis,
806 1495 903 1558 undae
924 1504 1039 1557 uexere
1061 1495 1177 1558 minem

385 1606 458 1667 Tem
480 1604 583 1684 repide
606 1605 636 1666 in
658 1605 769 1666 llumen
791 1606 905 1682 regule,
928 1613 961 1666 ut
983 1603 1062 1666 nulle
1083 1604 1195 1694 voleret

384 1715 435 1775 Vis
457 1713 617 1793 prohibere
632 1713 758 1778 melum.
802 1714 866 1776 lien
887 1714 997 1790 lriqore
1019 1711 1151 1775 membre
1172 1713 1269 1778 solute

384 1823 522 1885 lndomiti
543 1821 681 1885 Archioni
703 1823 786 1884 luror
805 1823 901 1886 eulert
922 1821 1077 1900 improbus
1098 1822 1190 1902 inque

384 1934 496 1995 Arnum
517 1931 661 2012 conjecit,
684 1932 830 2010 solvitque
852 1951 869 1994 e
890 1939 1011 2010 pectore
1033 1949 1147 2004 nexem,

321 2056 369 2110 rso
386 2043 482 2116 Quem
503 2042 607 2110 iecere¹
624 2057 744 2102 crucem
763 2041 838 2102 milri
859 2040 995 2114 brechia,
1019 2059 1087 2102 curn
1107 2039 1194 2104 dolor
1215 2042 1321 2120 ingens

386 2152 432 2213 lle
453 2151 522 2213 vicit
542 2149 701 2220 domitum,
723 2158 754 2211 et
773 2167 828 2228 per
849 2149 929 2228 ripas
951 2148 1040 2212 volvit
1062 2157 1093 2212 et
1112 2151 1206 2213 imum

385 2261 444 2324 Per
466 2260 605 2333 lundum3
626 2259 733 2322 deinde
755 2258 821 2338 ipse
842 2277 896 2322 sue
918 2258 1048 2321 cinctum
1069 2267 1159 2340 etque
1179 2262 1343 2326 revinctum

386 2368 520 2432 Adrolrit
540 2369 659 2448 praede.
703 2368 728 2430 Ο
750 2367 860 2447 patries
883 2385 952 2429 cunr
972 2385 1077 2431 nureus
1099 2371 1182 2432 edire

386 2480 442 2542 Fue
464 2478 518 2540 tibi
540 2478 728 2548 cotelerius,
750 2476 927 2556 dabiturque
950 2477 1106 2556 quiessem
1127 2479 1216 2558 longo

321 2591 411 2656 leod
431 2605 521 2650 cumn
543 2595 631 2666 etque
652 2585 755 2648 lebore
775 2586 839 2648 rire
861 2571 919 2660 (sio
939 2586 997 2648 lete
1019 2588 1181 2652 secundent

386 2696 486 2759 Tertia
507 2703 578 2775 post
598 2695 727 2758 culmem
748 2700 824 2780 est),
846 2696 925 2758 lreud
948 2696 1128 2758 obliviscere
1146 2697 1260 2760 nostrii

387 2806 460 2868 Sum
480 2805 550 2876 Pru,
573 2805 744 2880 mre-genuit
765 2805 843 2866 Sene
865 2806 1054 2885 confecitque
1074 2805 1243 2881 enemo,

387 2915 509 2994 scitque
529 2913 605 2976 nnec
623 2912 689 2985 itte,
711 2913 795 2992 prius
816 2915 888 2976 milti
910 2915 962 2995 qui
984 2916 1108 2978 denerat
1127 2915 1239 2978 hebere

387 3021 558 3095 lunellum,
580 3022 753 3103 sociumque
773 3023 832 3085 tori
852 3043 1035 3104 uxoremque
1054 3035 1183 3088 rooeret

889 3283 944 3366 lt.

429 3458 546 3522 Ludere
568 3458 619 3521 ubi
641 3459 708 3522 telis
729 3468 878 3523 cessatum
899 3469 961 3534 est,
983 3462 1075 3524 corde
1095 3461 1220 3526 dolenti.

388 3570 452 3633 Stet
472 3569 566 3631 vietus
589 3569 755 3647 repetitque
774 3570 870 3643 sices,
894 3589 928 3634 ec
949 3569 1077 3651 denique
1099 3573 1196 3636 tristis

387 3677 492 3739 lliscit.
537 3677 684 3740 Victorem
705 3679 840 3757 sequitur
860 3697 934 3758 qens
956 3688 1032 3755 tote,
1055 3682 1210 3762 prueuqee

389 3785 487 3857 Unus,
508 3803 637 3864 eumque
658 3786 732 3850 eltcr
752 3789 872 3866 prendit
891 3799 963 3868 poet
982 3798 1110 3870 terque·
1122 3793 1146 3854 it
1166 3791 1240 3854 alter

356 3894 433 3958 tdd
454 3893 531 3956 leurs
553 3901 641 3976 elque
658 3896 746 3977 jubet
765 3899 947 3962 meminisse.
991 3898 1075 3962 llnud
1097 3900 1148 3963 ilie
1169 3901 1294 3964 mutitdt

390 4004 449 4076 ire,
473 4011 601 4066 etnuoc
623 4007 797 4080 sumsisti,
821 4025 900 4070 nunc
920 4010 1057 4073 sdnroret
1077 4009 1129 4082 illi,

390 4113 502 4192 Cuique
524 4131 643 4176 monum
665 4116 776 4194 porgit,
799 4134 885 4179 meus
906 4118 1074 4198 importune
1095 4119 1209 4183 recedo

389 4223 520 4285 ineundi
541 4222 683 4297 udterius3
705 4235 836 4288 mmoret
857 4226 902 4289 sic
922 4226 990 4307 ipse
1010 4237 1186 4309 sequentem

390 4331 528 4395 Turbam.
572 4331 749 4401 Non-secus
770 4334 829 4398 hoc
847 4336 988 4401 versabor
1008 4337 1041 4399 in
1061 4337 1289 4417 nemiremini,
