3142 5166
309 369 368 431 trs
749 371 931 422 rdaaaroau
948 373 987 422 xr.
1368 409 1373 424 ,
1557 379 1558 382 ¹

374 590 533 652 Immemor
555 599 587 650 ut
608 587 712 652 meum
734 589 901 654 mommio
923 605 1073 670 quemque
1097 589 1228 654 solerem

374 699 531 772 Fastidire,
554 706 643 780 atque
663 699 714 762 irio
735 700 811 764 adeo
835 698 1060 762 increbrescere
1081 697 1207 762 morbus
1557 771 1558 778 ,

374 809 488 887 Coepit,
511 816 544 871 ut
566 808 745 884 occiderem,
768 810 850 890 quod
871 817 921 872 sat
941 827 1052 872 novere
1074 808 1225 872 Senenses

324 927 356 978 55
374 919 411 980 Et
433 918 470 980 de
492 917 580 999 plebe
602 894 717 994 omnes,
741 918 791 998 qui
815 919 1045 1000 eompegnauoa
1067 937 1136 982 rura
1207 983 1211 988 .

373 1028 598 1091 Concelebrant.
642 1029 716 1092 Nam
739 1027 901 1090 Oramus
924 1045 990 1110 ego,
1013 1036 1044 1090 et
1064 1045 1150 1090 mens
1173 1028 1291 1106 turpida
1312 1029 1391 1092 fastu

373 1138 440 1200 Non
461 1138 551 1200 modo
574 1157 631 1212 me,
654 1147 685 1200 at
705 1145 831 1214 cunctos
853 1145 1011 1200 eonsortes
1032 1138 1064 1198 in
1085 1137 1162 1200 mela
1183 1155 1303 1200 meeum

374 1247 483 1320 Traxit,
506 1255 536 1310 et
556 1246 607 1308 hio
625 1247 759 1310 humeris
780 1247 856 1308 haee
878 1243 972 1324 cogor
992 1246 1127 1326 pondera
1150 1247 1228 1308 ferre

375 1357 420 1418 ob
445 1358 562 1430 tastum,
584 1356 682 1420 donee
702 1355 965 1436 supremodehita
986 1357 1059 1436 regi,

323 1473 357 1524 do
374 1467 498 1540 Quando
521 1467 551 1528 id
573 1465 699 1544 neglexi,
722 1466 753 1527 in
774 1464 862 1526 terris
884 1463 956 1526 dum
975 1466 1034 1529 rita
1055 1465 1201 1538 monebat,

374 1576 492 1638 solvam
514 1576 671 1638 defunctos
694 1576 782 1638 inter.
827 1574 878 1637 Sio
900 1593 952 1636 ore
974 1575 1147 1654 loquentem

374 1685 455 1748 ibam
478 1685 642 1759 auditurus,
665 1683 797 1746 demissa
817 1685 855 1748 ad
876 1691 1000 1764 pectem
1022 1685 1132 1760 fronte,
1251 1691 1255 1701 “

375 1796 510 1857 Cemuus
532 1802 620 1874 atque
643 1811 679 1856 ex
699 1793 748 1854 hia
770 1811 859 1868 uuus,
881 1812 943 1856 non
965 1795 1022 1856 iste
1042 1793 1171 1866 loeutus,

374 1904 511 1967 Pondere
533 1903 590 1964 sub
609 1903 735 1983 proprio
756 1903 883 1982 graviter
903 1921 958 1964 sua
979 1911 1061 1982 terga
1081 1913 1245 1984 premente,

323 2017 357 2070 ⁶5
374 2015 415 2076 Se
437 2014 571 2076 distorsit
591 2031 699 2093 meque
720 2013 889 2092 inspectum
910 2013 1038 2091 agnovit,
1061 2021 1092 2075 et
1112 2031 1202 2092 aegra

374 2123 499 2186 Lumine
519 2123 576 2186 fixa
596 2131 702 2185 terreus
724 2140 771 2183 me
792 2122 914 2186 nomme
936 2122 1132 2201 compellarit,

274 2315 279 2325 ¹
374 2232 507 2313 Corpore
529 2233 580 2312 qui
602 2237 664 2296 toto
686 2232 826 2293 incurvus
850 2231 1012 2294 comitabar
1033 2243 1149 2294 euntes.

415 2343 496 2405 dixi:
521 2342 605 2404 Tune
626 2359 669 2415 es,
692 2341 830 2416 Onmrsr,
853 2348 886 2402 tu
907 2340 1001 2419 gloria
1021 2341 1118 2422 prime

375 2447 502 2529 Gugtrbt,
525 2451 598 2514 artis
620 2451 726 2524 honor,
750 2451 798 2512 eui
819 2451 942 2513 ductum
963 2470 981 2512 a
1002 2450 1115 2514 lumine
1136 2469 1247 2516 nomen

323 2567 356 2618 7⁰
374 2561 465 2624 Gallia
487 2557 629 2623 donavit?
652 2591 691 2606 -
713 2559 824 2633 Frater,
849 2565 951 2621 eontra
972 2559 1078 2640 incipit
1099 2559 1159 2635 ide,

373 2671 445 2734 Plus
466 2670 566 2732 rident
587 2670 715 2743 eumne,
738 2688 812 2749 quas
834 2668 930 2749 pinxit
950 2669 1070 2734 dextera
1091 2672 1201 2734 ramo

373 2781 527 2842 Faustum.
570 2779 656 2840 Nune
677 2787 757 2842 totus
781 2779 879 2840 honor
899 2779 1067 2842 servabitur
1087 2781 1155 2860 ipsi,

374 2888 515 2963 Quamvis
536 2894 566 2948 et
586 2905 657 2966 para
680 2889 745 2968 ipse
768 2887 820 2950 tui.
863 2888 948 2950 Haud
971 2898 1068 2953 nmen
1090 2891 1155 2971 ipee
1178 2891 1305 2954 fuissem

373 2999 446 3061 Tam
467 2997 566 3076 largus
587 2997 670 3058 viros
691 2997 779 3058 iuter.
822 2997 868 3060 Me
891 3005 970 3060 tanta
992 2999 1101 3080 cupido

322 3117 354 3169 75
371 3108 415 3170 dd
438 3127 568 3170 summas
590 3106 664 3170 artis
686 3105 855 3168 stimulabat
874 3108 997 3170 tendere
1018 3109 1133 3183 laudes,

372 3219 453 3292 Quas
473 3216 713 3298 prospectabam.
756 3199 865 3278 Verum
886 3217 943 3278 ista
965 3218 1106 3299 superbia
1128 3238 1243 3298 poenas

371 3327 427 3390 Hie
449 3327 505 3399 dat,
530 3334 559 3387 et
580 3325 671 3388 immo
694 3327 790 3388 iorem
811 3325 917 3406 procui
937 3325 1016 3402 hino,
1039 3329 1071 3390 ni
1092 3338 1226 3410 ternpore
1248 3330 1279 3391 in
1303 3330 1366 3405 illo,

371 3437 438 3510 Quo
460 3443 595 3516 poteram
617 3455 685 3498 esse
707 3453 830 3509 nocens,
853 3451 1015 3500 conversus
1037 3446 1159 3518 pectore
1181 3447 1243 3502 toto

370 3544 493 3606 Coeium
515 3561 696 3608 exorassem.
740 3544 790 3607 Oh
810 3545 957 3608 humanae
979 3547 1073 3626 gloria
1094 3567 1169 3612 rana

308 3657 353 3716 '8⁰
370 3653 501 3728 Virtutis,
524 3671 613 3734 quam
635 3654 692 3714 dos
713 3661 761 3716 est
781 3653 911 3716 tantulus
933 3655 983 3718 ille
1005 3657 1144 3731 sedunus,

370 3763 405 3825 Ni
428 3771 544 3843 premat
563 3771 674 3825 aetates
696 3774 834 3826 venturas
857 3764 988 3828 crassior
1009 3765 1076 3829 aeri

253 3905 257 3912 ·
369 3871 448 3934 Nulli
470 3891 504 3934 se
526 3871 658 3934 Cranaos
680 3891 836 3936 euasurum
857 3881 956 3938 eastra
977 3877 1089 3956 putarit

369 3982 514 4055 Picturae,
538 3981 591 4042 sed
614 3999 693 4042 nuuc
715 3981 739 4043 it
759 3990 864 4044 ounota
885 4001 941 4063 per
961 4003 1014 4047 ora
1036 3985 1199 4060 Garorrus,

369 4089 453 4153 illius
475 4099 508 4152 ut
526 4091 636 4152 famam
656 4090 813 4156 obscuret:
836 4091 881 4154 ste
902 4093 978 4156 altor
998 4095 1144 4158 honorem

318 4213 352 4267 aa
369 4199 501 4276 Linguae
523 4208 660 4262 narratur
681 4199 792 4262 Getone
814 4202 951 4281 rapuisse
972 4205 1077 4283 priori,

370 4309 504 4388 Forsque
526 4310 707 4390 supervenit,
729 4309 780 4390 qui
802 4310 872 4372 nido
894 4313 1023 4394 expellat
1041 4323 1212 4396 utrumque.
