3142 5166
313 407 376 470 210
760 407 940 458 rmusrenn
957 409 1015 458 xrx.

330 645 362 696 en
381 627 463 689 Talis
488 627 581 688 laetus
603 643 686 688 erem
707 633 738 686 el
760 624 838 699 lslis,
860 625 961 706 quoad
984 625 1108 690 findilur
1128 626 1198 701 ulls,

380 738 463 810 Quae
485 735 535 797 dal
556 735 613 798 iter
633 753 725 814 rupes
745 735 969 809 scandentibus,
991 735 1035 798 irs
1057 735 1224 810 studebam,

379 847 478 926 Usque
501 845 537 907 ad
560 863 648 924 quam
669 845 754 924 potui
776 844 915 908 menibus
936 863 1080 925 prensare
1103 863 1254 908 seronem.

354 985 363 1002 ·
422 955 457 1018 ln
480 955 613 1037 quinium
636 961 669 1016 ut
690 953 756 1017 dala
777 965 864 1034 purte
886 954 943 1016 luit
963 955 1150 1018 venientibus
1172 955 1288 1026 arbem,

379 1066 456 1128 ilinc
477 1064 560 1126 illine
581 1063 640 1126 vidi
662 1039 978 1145 lusam'laerirnssque
1000 1066 1139 1138 eieulem,

328 1181 361 1233 lu
378 1177 558 1254 lmprsssnm
580 1191 634 1236 ere
654 1173 720 1235 selu
742 1172 871 1252 plebem.
915 1173 995 1236 llaec
1016 1193 1071 1238 vex
1094 1175 1235 1238 omuibus
1256 1193 1332 1236 una:

378 1285 471 1346 lineri
489 1289 590 1346 anime
611 1288 643 1345 r'n
665 1295 759 1356 terre,
781 1281 959 1362 siugullilsus
981 1283 1146 1364 interrupta

379 1396 439 1466 Sic,
462 1402 494 1455 ul
515 1393 563 1454 rix
583 1411 706 1472 possem
727 1393 852 1454 lienium
873 1401 992 1472 captare
1014 1393 1163 1473 querelas.
1263 1455 1266 1463 ,

422 1503 446 1564 Ο
470 1503 586 1564 enimse
608 1503 731 1575 elesius,
753 1502 840 1580 queis
861 1501 932 1564 dant
953 1501 1048 1565 lenire
1070 1502 1191 1566 deleres

377 1613 495 1676 lustitia
518 1621 549 1674 sl
568 1630 639 1692 spes
656 1611 765 1692 junoni
782 1610 1043 1685 simulsublimis
1065 1613 1176 1682 montis
1208 1649 1213 1660 ·

329 1725 362 1777 7⁵
378 1723 463 1786 Unde
482 1723 522 1782 sil
542 1723 691 1784 adscensu
711 1720 799 1782 nubis
822 1737 975 1801 superare,
998 1720 1120 1786 deeelel

379 1833 444 1894 llue
465 1833 490 1893 si
512 1831 647 1904 venistis,
668 1849 792 1893 sseurus
813 1839 940 1910 uterque
958 1831 1089 1911 jacendi,

378 1941 415 2002 El
437 1960 489 2003 vos
511 1941 571 2002 lert
590 1940 707 2002 animus
727 1940 895 2003 breviorem
917 1957 1040 2021 sarpere
1062 1941 1177 2014 sallem,

379 2052 485 2113 Dextra
501 2050 583 2130 legal
603 2049 688 2112 vehis
710 2057 855 2116 extremes
876 2051 1019 2130 marginis
1042 2069 1121 2112 eras.

378 2161 457 2223 Prex
477 2161 573 2222 luerat
593 2159 678 2233 vatis,
700 2161 800 2240 paullo
822 2179 878 2223 nus
901 2170 969 2223 mle
990 2162 1074 2224 lisere

328 2279 363 2332 8⁰
378 2270 504 2332 Reddita
526 2287 671 2350 responsa
693 2270 778 2332 lasse.
824 2271 924 2344 erere
944 2270 1033 2333 rerba
1055 2271 1113 2334 isle
1134 2269 1277 2343 luendum,

380 2380 459 2454 Quid
477 2379 586 2460 reliqui
606 2379 705 2454 lateat,
728 2379 816 2459 plane
838 2381 978 2457 ignorare
998 2380 1115 2459 palari:

379 2493 474 2570 dique
495 2489 546 2550 hic
566 2488 729 2552 luminibus
751 2489 884 2570 quaesiui
906 2490 1016 2552 lumina
1039 2491 1134 2552 nestri

379 2599 416 2660 Et
437 2599 523 2660 ducis
545 2607 574 2660 et
595 2599 719 2661 domini.
762 2601 873 2661 Laeuus
896 2607 966 2662 lune
986 2599 1091 2662 anuuit
1111 2599 1172 2672 ille,

256 2671 260 2748 i
311 2679 320 2700 ’
379 2709 416 2771 Ul
437 2708 618 2770 desiderium
640 2709 799 2787 explerem,
822 2709 900 2789 qued
923 2709 954 2771 iu
976 2727 1029 2772 ere
1051 2709 1193 2772 lerelrem.

328 2833 362 2887 85
422 2815 559 2878 Libertas
581 2817 654 2880 milri
675 2837 743 2880 eum
763 2818 868 2898 patuit,
890 2817 953 2882 luit
967 2817 1057 2880 arder
1077 2819 1160 2882 adire

378 2926 474 3000 lllum‚
498 2945 586 3006 quem
608 2945 697 2990 venes
718 2928 802 3006 prius
823 2928 952 2990 eliesere
973 2929 1145 2994 denudum.

380 3037 404 3098 0
429 3036 514 3116 eujus
534 3035 674 3100 lacrimae
696 3035 727 3098 id
749 3036 821 3100 dent
839 3049 998 3112 messuere,
1020 3039 1131 3116 rogari,

379 3147 446 3221 Qus
468 3147 535 3208 sius
557 3165 729 3226 supremum
750 3155 865 3227 peluem
885 3148 1020 3228 reperire
1040 3155 1176 3228 pesestas

377 3257 443 3319 Non
466 3265 521 3332 est,
542 3257 685 3338 majorem
706 3275 754 3320 ms
776 3264 900 3337 prepter
920 3258 994 3321 siste
1014 3275 1177 3338 parumper

327 3377 361 3432 su
378 3368 496 3430 Curam.
541 3366 616 3440 Quis
638 3366 740 3440 ruens,
763 3385 860 3442 nerra,
883 3377 914 3430 el
933 3387 988 3430 eur
1009 3366 1099 3430 dorsa
1119 3367 1223 3430 ieratis

379 3477 527 3538 Conversa
549 3477 586 3538 ed
609 3476 735 3548 eoelum,
758 3486 788 3537 st
808 3477 834 3540 si
856 3495 904 3540 me
927 3478 1086 3557 impetrare
1107 3476 1241 3556 regende

377 3585 461 3647 lllius
482 3586 552 3648 inde
574 3586 634 3648 loei
654 3586 817 3666 quidquam
837 3586 992 3650 tihilerls
1012 3595 1182 3668 praeeplas,

379 3694 462 3756 Uude
484 3694 543 3756 llus
564 3697 647 3758 virus
669 3695 767 3758 adlrue
787 3715 857 3758 reru
878 3713 948 3758 eum
969 3713 1096 3778 serpere
1117 3697 1195 3760 veni.

421 3805 509 3884 leque
531 3804 619 3868 mihi.
641 3803 756 3879 biems,
780 3807 891 3868 sured
913 3823 947 3868 se
968 3814 1064 3870 vertat
1085 3805 1238 3887 Olympus,

327 3931 361 3984 ss
379 3915 465 3988 Quod
488 3923 558 3995 pest
578 3932 634 3976 nes
656 3913 796 3994 gerimus,
819 3916 872 3980 sed
895 3915 1025 3997 primum
1047 3916 1076 3978 id
1099 3917 1186 3990 seire,
1209 3915 1304 3978 lusisse

378 4025 423 4086 lle
446 4041 652 4086 successorem
673 4025 763 4088 Petri.
806 4025 847 4088 Se
868 4025 999 4088 innitur
1019 4026 1051 4088 iu
1072 4043 1159 4106 egros

280 4125 287 4142 ’
377 4134 503 4199 Sssuim
525 4133 749 4214 Clarerimsqus
770 4135 849 4198 inter
867 4135 1025 4216 puledium
1046 4153 1152 4216 agmen
1174 4153 1330 4218 equanam,

377 4249 472 4325 Atque
494 4243 552 4306 sibi
574 4243 692 4308 lindum
712 4261 778 4306 mes
799 4261 873 4322 qens
894 4264 912 4307 a
932 4246 1053 4308 nurnine
1076 4245 1157 4309 duait

376 4355 482 4436 llujus,
505 4354 584 4434 qued
606 4353 700 4418 titulis
721 4354 832 4418 nmlris
853 4363 901 4418 est
922 4354 1062 4418 eulmiuis
1081 4356 1186 4420 instar.
