3144 5164
317 389 378 452 336
771 390 906 442 rananrsr
924 389 991 440 rvrr.
1411 467 1415 476 ι
1497 339 1501 459 i

1497 478 1500 517 l

383 607 557 691 Exspectes.
600 609 738 672 Nondum
759 607 790 670 id
812 620 918 688 gentes
939 627 1072 680 censere,
1095 609 1242 672 novellam
1496 668 1499 741 r

332 735 367 786 'to
382 721 516 782 Aetatem
536 727 671 800 propter,
693 737 782 798 quem
804 718 916 780 circum
939 717 1039 780 sidera
1062 727 1174 782 tantum

381 828 546 911 Explerunt
567 829 671 890 novies
693 828 807 891 orbem.
850 828 957 891 Verum
981 837 1045 890 arte
1067 828 1244 910 priusquam
1495 832 1499 871 ¹

383 939 568 1000 Guaeconrns
590 956 680 1019 prava
701 939 858 1026 llrnnrcnu
880 937 1033 1018 deceperit
1053 938 1153 1012 altum,
1494 885 1498 1055 i

1493 1188 1496 1251 Ι

382 1047 467 1110 illins
489 1055 626 1129 erumpet
646 1047 755 1112 multae
776 1047 905 1110 missura
928 1048 1052 1126 sagittas

381 1156 492 1232 lirtus,
513 1166 669 1238 aspernata
692 1176 806 1230 aurum,
828 1165 986 1237 aspernata
1007 1157 1151 1221 laborem.

332 1272 365 1327 75
382 1267 555 1347 magnificae
578 1267 722 1347 splendor
742 1267 819 1330 ritae
840 1285 960 1347 quoque
981 1266 1093 1330 lumine
1116 1267 1197 1330 claro

381 1376 515 1451 Eurinus,
539 1396 574 1438 ac
595 1377 654 1440 late
676 1377 722 1438 sic
742 1375 905 1455 effulgebit,
927 1385 959 1440 ut
980 1377 1084 1440 bootes

380 1486 466 1550 llaud
489 1487 607 1566 possint
627 1487 726 1549 tacitis
748 1487 829 1549 bunc
849 1485 1086 1566 praetermittere
1107 1486 1227 1566 baptis.

381 1596 467 1658 llunc
488 1595 543 1658 tibi
565 1596 612 1658 lac
632 1614 761 1668 maneae,
784 1595 873 1676 bujue
894 1596 1111 1676 penetrataque
1132 1615 1247 1678 speres.

381 1705 468 1770 Hunc
489 1714 612 1786 propter
633 1705 739 1767 taciem
760 1706 887 1768 mutabit
907 1706 1035 1787 plurima
1057 1706 1152 1780 turba,

331 1819 366 1874 ευ
382 1815 470 1878 Dives
492 1815 541 1876 ubi
566 1834 601 1877 ec
622 1834 737 1896 pauper
756 1834 843 1878 versa
865 1816 929 1878 vice
951 1817 1095 1895 uansiget
1116 1835 1231 1878 aevum.

381 1926 484 2006 Deque
505 1924 556 1986 illo
579 1925 633 1988 tibi
656 1926 746 1988 corde
767 1925 846 1988 teres
867 1927 943 1988 baec
964 1926 1076 2006 scripta
1096 1924 1152 1988 cub
1175 1925 1247 1998 imo,

381 2034 419 2096 tt
441 2054 502 2096 non
524 2035 670 2098 narrabis.
692 2069 735 2080 -
757 2035 832 2098 Turn
854 2055 924 2098 vero
948 2035 1016 2100 talia
1038 2033 1111 2098 dixit

382 2144 449 2207 Non
471 2144 607 2208 habitura
628 2146 719 2208 tidem
741 2164 842 2208 coram
863 2144 1055 2208 cernentibus
1077 2144 1144 2208 iste.

381 2255 510 2336 insuper
530 2255 604 2318 baec
626 2255 721 2318 addit:
744 2257 820 2318 Sunt
840 2256 924 2328 baec,
946 2273 994 2318 me
1015 2255 1188 2336 interprete,
1211 2253 1265 2330 lili,

331 2375 365 2430 85
383 2367 466 2439 Quee
486 2365 587 2444 gravia
608 2365 726 2439 audisti,
749 2383 902 2446 perpessa,
925 2374 956 2428 et
976 2364 1054 2428 taeta
1076 2365 1181 2428 dolose

379 2475 496 2550 tuctu,
520 2495 595 2557 quae
618 2483 769 2554 emergent
790 2474 895 2556 paucis
916 2473 1086 2538 labentibus
1108 2475 1206 2538 annis.

379 2585 447 2648 Non
468 2595 567 2648 tamen
588 2584 723 2648 invideas
744 2584 864 2660 vieinis;
887 2604 956 2648 nam
977 2585 1032 2648 tibi
1053 2586 1113 2648 rita

379 2695 451 2758 Plus
473 2695 611 2759 diuturna
633 2697 719 2771 toret,
743 2714 831 2776 quarn
852 2703 970 2776 tempus
992 2695 1116 2758 crimine
1139 2703 1238 2758 tantm

380 2804 527 2868 Perfidiae
548 2803 689 2867 ulturum.
710 2837 752 2850 -—
773 2805 936 2886 Postquam
958 2803 1144 2884 subtegmina
1166 2803 1253 2877 telae,

314 2921 364 2987 {tt
380 2913 513 2977 stamine
535 2932 624 2994 quem
646 2913 783 2988 intendit,
806 2933 839 2976 se
860 2923 906 2978 sat
927 2915 1058 2984 duxisse,
1081 2914 1198 2978 silendo

380 3025 488 3088 Sancta
510 3023 609 3088 anima
632 3023 770 3098 ostendit,
793 3024 891 3104 coepi,
913 3035 947 3087 nt
968 3024 1019 3106 qui
1040 3026 1163 3088 tluctuut
1183 3041 1308 3104 eampo,

380 3133 545 3198 Consilium
566 3153 696 3216 poscens
718 3153 807 3214 quern
829 3143 953 3216 spectat,
975 3135 1096 3216 vultque
1118 3134 1254 3208 seorsim,

377 3247 475 3325 Atque
498 3253 586 3307 amet.
618 3244 704 3308 lland
726 3244 875 3324 equidem,
897 3254 992 3324 pater,
1015 3246 1130 3324 ignoro,
1154 3253 1186 3308 ut
1206 3243 1284 3325 pede
1305 3253 1423 3323 tempus

378 3354 480 3417 Veloci
502 3363 645 3436 properet
664 3373 712 3416 me
735 3353 860 3416 caedere
880 3354 1011 3428 vulnere,
1034 3355 1126 3418 multo

328 3469 362 3524 to
378 3464 539 3544 deperiore
560 3463 683 3537 bomini,
707 3463 756 3526 cui
777 3481 863 3526 mens
881 3464 943 3545 jam
965 3463 1066 3527 delicit
1086 3483 1189 3544 aequa.

380 3575 479 3647 Quare
501 3574 527 3636 ei
550 3591 678 3648 caream,
700 3573 778 3636 bene
800 3573 867 3648 erit,
889 3593 937 3646 ne,
959 3574 1056 3654 patrie
1076 3573 1224 3653 adempta,

379 3683 466 3757 Quod
488 3683 563 3746 mibi
583 3683 651 3764 plus
674 3703 774 3746 carum
797 3692 852 3758 est,
875 3683 948 3746 cline
971 3700 1035 3749 mea
1058 3684 1189 3746 carmina
1209 3691 1335 3764 propter

376 3792 516 3856 obmittam
537 3792 636 3856 sedes.
680 3793 760 3856 Loca
781 3812 837 3874 per
858 3794 924 3856 eine
944 3794 1005 3856 line
1028 3793 1164 3866 dolende,

376 3901 435 3963 Per
455 3909 597 3974 montem,
620 3902 705 3983 cnjus
722 3902 855 3984 jucundo
877 3923 894 3964 a
916 3901 1045 3966 culmine
1067 3903 1157 3965 Divae
1482 3822 1486 3957 i

311 4015 360 4070 too
375 4009 501 4074 Lumine
523 4011 646 4092 pulebra
667 4029 752 4076 meae
772 4031 820 4076 me
843 4011 1001 4086 deduxere,
1024 4031 1079 4092 per
1100 4021 1180 4074 aetra
1482 4010 1485 4077 l

375 4121 419 4182 Er
440 4120 507 4183 luce
528 4120 560 4182 iu
580 4120 677 4184 luceru
699 4121 801 4197 didici,
824 4141 911 4204 quae,
932 4141 1002 4185 vera
1023 4122 1136 4186 reterre
1482 4108 1485 4149 '

376 4231 450 4294 Cum
472 4231 530 4294 eim
552 4249 652 4306 nuens,
674 4231 775 4294 multis
799 4233 909 4295 luerint
930 4232 992 4296 acri
1014 4251 1102 4314 eepra
1124 4249 1243 4312 sapore.

377 4340 463 4414 Quod
486 4341 513 4404 ei
534 4341 714 4404 eubtimidue
735 4342 797 4406 reri
819 4342 989 4424 deprendar
1009 4341 1134 4417 amicus,
