3142 5166
325 383 383 448 174
781 385 963 438 ruaorronn
981 387 1008 437 r.

386 603 606 684 Transgressus
627 605 752 686 propius
773 605 859 680 veni,
880 615 915 668 ut
935 605 1030 683 magis
1052 613 1121 686 apta
1142 605 1237 668 tuenti

385 717 483 780 Esset
525 715 564 778 Et
583 715 633 778 hio
655 713 753 778 stabat
773 733 844 777 saxo
867 714 979 778 sedatus
1002 715 1032 776 in
1055 715 1132 795 ipso,

386 825 460 888 Cum
481 824 579 888 bobus
600 831 732 886 sanctam
754 823 805 904 qui
827 843 932 886 onrrus
954 832 1204 897 veneratorem,

385 935 445 998 Per
467 953 555 1014 mam
576 933 655 996 haud
677 933 870 996 commissum
892 933 1001 1013 refugit
1020 935 1066 996 rin
1087 942 1209 1014 tangere
1229 953 1350 998 munus.

335 1052 369 1106 tt
386 1045 486 1108 Turba
507 1043 661 1108 videbatur
681 1043 862 1124 praecedere
883 1050 944 1106 tota
966 1043 1109 1123 gradique

385 1156 419 1218 ln
442 1163 557 1236 septem
578 1154 685 1234 partita
707 1153 832 1224 odoros,
855 1151 1022 1233 dubiosque
1045 1153 1164 1216 tenebat

386 1265 502 1328 Sensus
522 1264 563 1327 mi
584 1263 689 1337 binos,
712 1279 839 1342 quorum
860 1281 938 1324 unus
959 1262 1085 1326 sundere
1107 1262 1144 1325 ab
1165 1281 1217 1326 ore

385 1374 469 1437 liano
490 1373 586 1436 melos
607 1372 720 1453 ajebat,
742 1371 855 1434 nullam
876 1372 951 1436 alter
971 1371 1089 1436 mittere
1110 1389 1222 1435 rooem.

385 1485 498 1546 Faunus
520 1483 590 1545 item
612 1481 688 1544 turis
709 1481 776 1544 dota
800 1480 855 1542 suh
877 1481 1006 1559 imagine
1028 1501 1116 1544 nares

334 1603 368 1658 oo
384 1597 480 1674 Atque
503 1593 617 1666 oeulos,
641 1609 763 1654 sensum
785 1590 941 1654 discordes
964 1593 1042 1654 inter
1062 1601 1231 1671 utrumque,

385 1704 509 1766 Fecerat
529 1701 694 1779 ambiguos.
738 1701 861 1764 Sacrum
883 1702 1022 1782 vosipse
1043 1701 1178 1782 praeibat

384 1813 502 1876 Vultum
525 1812 660 1893 dejectus
682 1810 783 1884 Dnrrn,
806 1811 930 1891 pulsans
952 1812 1030 1893 pede
1051 1819 1160 1874 terram

385 1922 507 1986 Sublato
530 1922 561 1984 in
583 1939 749 1994 numerum,
771 1929 802 1982 et
821 1921 920 1984 minus
942 1929 972 1984 et
992 1921 1062 2002 plus
1084 1929 1217 2000 ternpore
1239 1921 1270 1984 in
1293 1919 1346 1984 iilo

385 2032 481 2106 Quam
502 2049 555 2094 rex
575 2031 625 2094 hio
646 2032 752 2094 iuerat.
796 2031 905 2093 Contra
928 2039 974 2093 est
996 2030 1144 2111 descripta
1165 2029 1256 2110 palati

333 2141 408 2204 ΜΕ
430 2140 553 2222 specula
574 2140 702 2218 ingentis
723 2141 844 2204 Mrenou
866 2140 979 2214 mirata,
1003 2141 1150 2220 superbae

383 2251 534 2314 Matronae
557 2250 637 2331 quod
659 2269 750 2331 saepe
772 2251 879 2324 soient,
902 2269 957 2312 eor
977 2250 1062 2312 triste
1083 2257 1233 2327 gerentes.

426 2360 509 2434 lude,
533 2359 582 2423 ubi
606 2359 808 2433 constiteram,
831 2359 957 2432 excessi,
980 2377 1049 2421 oum
1070 2377 1194 2422 eernere
1216 2377 1334 2422 averem

383 2469 544 2532 Historiam
565 2469 615 2532 irio
636 2469 724 2532 aliam
745 2469 881 2549 propino,
905 2487 993 2548 qinom
1015 2468 1114 2532 albere
1136 2468 1272 2532 videbam

384 2579 552 2660 Sepositam
574 2599 591 2641 a
613 2587 697 2658 tergo
718 2579 849 2640 discum„
894 2579 950 2641 Hie
970 2578 1063 2656 gioria
1086 2597 1201 2642 summo

332 2697 366 2752 od
384 2691 447 2753 Stat
468 2688 618 2768 descripta
639 2689 724 2750 duois
746 2687 880 2762 Romani,
902 2690 1029 2752 maxima
1051 2688 1136 2770 cujus

383 2801 482 2862 Virtus
505 2807 534 2860 te
555 2796 653 2860 allexit
674 2813 780 2873 magna
803 2815 870 2861 oum
892 2799 989 2870 laude,
1013 2795 1158 2872 Gnuoonr,

383 2907 499 2972 Tartari
520 2915 553 2968 ut
575 2925 611 2970 ex
631 2906 709 2968 vieta
731 2915 850 2986 peteres
872 2907 930 2970 sibi
952 2909 1019 2986 lege
1039 2909 1231 2989 triumphum.

382 3017 626 3098 induperatorem
649 3015 805 3078 Tmrnunu
826 3017 884 3080 hoo
906 3019 1027 3082 nomine
1048 3019 1126 3092 dieo,

383 3127 437 3190 Cui
460 3125 604 3206 quaedam
626 3143 790 3188 ooourreus
811 3128 919 3191 mulier
939 3127 1054 3190 viduata
1078 3129 1184 3191 morito

331 3253 365 3306 '1⁰
381 3237 477 3299 Frena
499 3254 589 3298 mauu
610 3235 755 3300 retinebat
778 3236 857 3316 equi,
879 3257 976 3317 osque
997 3238 1191 3319 habitumque
1212 3238 1335 3317 gembat

382 3347 502 3412 Edusae
523 3345 554 3408 in
576 3345 722 3420 ioorimos,
744 3355 970 3426 externataeque
991 3348 1095 3411 dolore

381 3455 468 3518 Hune
490 3455 570 3517 acies
592 3456 724 3535 equitum
747 3457 968 3530 santernum,
991 3475 1124 3538 auroque
1146 3458 1276 3522 nitentes

381 3565 516 3628 Vidisses
538 3565 654 3644 aquilas
676 3572 707 3628 et
727 3565 807 3627 venti
828 3567 947 3630 ssantine
968 3576 1074 3630 motas.

381 3674 442 3737 iias
464 3675 543 3737 inter
563 3674 707 3754 permixta
729 3674 820 3750 onies,
843 3677 888 3738 sio
908 3695 961 3740 ore
982 3677 1097 3741 misella

332 3795 364 3850 ra
381 3784 450 3846 Visa
471 3783 553 3864 ioqui
576 3792 637 3847 est:
659 3784 815 3866 Princeps,
837 3787 910 3849 mihi
933 3805 1052 3850 caesum
1074 3787 1221 3850 ulciscere
1243 3797 1356 3862 namin,
1485 3768 1488 3821 Ι

382 3894 478 3968 Quem
500 3893 588 3956 doieo
610 3894 764 3958 amissum.
806 3895 871 3958 Bux
892 3895 1091 3976 respondere:
1115 3897 1241 3970 dienato,

278 4038 282 4046 ·
382 4003 457 4066 dum
479 4004 607 4067 reditum
627 4003 686 4066 huo
708 4006 845 4068 reseram.
889 4006 995 4068 Verum
1018 4005 1078 4079 iila,
1101 4005 1206 4070 dolore
1227 4017 1382 4086 premente
1485 3988 1488 4011 ⁵

383 4111 555 4186 Soliioitem‚
573 4113 672 4194 justas
695 4133 783 4194 mmm
804 4115 933 4195 primum
954 4135 1082 4196 posoere
1103 4135 1231 4197 poenas:

383 4223 471 4296 Quid,
494 4221 520 4284 si
542 4241 602 4285 non
624 4217 760 4286 referas?
781 4225 877 4305 Atque
899 4225 944 4288 is:
968 4226 1026 4299 Qui
1049 4227 1121 4288 sede
1143 4224 1260 4289 sedebit

330 4344 364 4398 eo
380 4331 498 4407 Nostra,
521 4332 587 4413 ipse
609 4333 756 4413 expediet
801 4334 881 4410 Quid
902 4345 933 4400 to
954 4334 1110 4401 benefacta
1128 4334 1273 4417 jurabunt
