3144 5164
279 351 340 413 390
726 351 861 402 rsusorsr
878 351 955 401 xxxi.

343 570 421 634 Risit
441 571 641 652 respexitque,
664 575 817 632 aeternum
840 568 948 632 deinde
968 569 1091 649 petivit-

293 697 328 751 8⁰
344 683 480 744 Fontem.
525 679 585 742 Sed
608 679 709 742 senior
729 685 850 741 sanctus
872 679 945 740 mihi
969 679 1057 741 dixit:
1083 678 1119 740 Ut
1139 680 1226 742 istam

346 791 495 854 Conficias
518 789 641 852 omnino
664 789 741 850 viam
763 788 889 852 satiatus
912 789 1039 862 abunde,

345 901 413 975 Quo
435 919 483 962 me
504 918 577 980 prex
598 898 687 960 simui
709 906 740 959 et
761 898 857 993 saneti
877 899 921 960 vis
943 897 1025 959 misit
1046 897 1169 974 amoris,

344 1012 405 1074 Fac
426 1027 572 1091 properos
593 1009 659 1070 acie
680 1008 738 1070 hoc
761 1007 997 1070 circumvolitare
1017 1008 1160 1083 viretum3

345 1119 442 1200 Hujus
465 1119 544 1182 enim
565 1118 725 1198 adspectus
748 1117 840 1180 divini
861 1116 983 1180 luminis
1005 1118 1077 1197 igni,

294 1236 328 1292 85
345 1230 417 1291 Pius
440 1228 491 1290 ubi
514 1227 709 1301 conscendas,
733 1228 886 1290 oculorum
909 1225 1024 1306 aptabit
1044 1245 1180 1288 acumen.

346 1339 384 1400 Et
405 1341 553 1419 Superum
574 1337 696 1417 Regina,
719 1337 765 1398 sui
788 1353 864 1418 quae
885 1353 934 1397 mo
955 1336 1041 1398 ardet
1061 1353 1162 1398 amore

347 1449 465 1521 Totum,
489 1439 633 1528 quidquid
656 1464 732 1526 opus
754 1446 853 1519 fuerit,
876 1463 938 1506 non
959 1445 1061 1508 nescia
1083 1446 1135 1506 iidi

347 1558 506 1630 Banasam,
531 1557 583 1637 qui
605 1573 660 1634 ego
683 1573 759 1628 sum,
782 1553 938 1634 praebebit
959 1555 1041 1634 larga
1063 1555 1182 1617 favoris.

391 1666 506 1741 Quaiis,
530 1666 580 1746 qui
602 1666 683 1726 venit
703 1683 741 1725 cx
760 1664 882 1744 populis
903 1665 1031 1727 fortasse
1052 1664 1205 1738 Liburnis,

297 1797 332 1850 90
348 1777 393 1848 Ut
417 1793 504 1856 quem
528 1783 630 1838 nostra
652 1775 744 1836 refert
766 1792 884 1836 sacrum
905 1775 1061 1847 Veronioa,
1084 1775 1195 1836 vultum

347 1885 501 1965 inspiciat,
524 1885 658 1946 nondum
679 1885 803 1946 satiatus
825 1903 978 1946 murmure
1000 1885 1118 1964 priscae

347 1996 472 2070 anae3
495 1995 638 2057 aethaeo
659 2011 771 2066 secum,
794 1993 903 2072 pignus
925 2002 1110 2056 monstrante
1130 1995 1287 2058 ministro:

348 2106 420 2168 Jesu
442 2105 569 2178 Christe,
591 2104 680 2178 Deus,
702 2121 771 2165 rere
793 2105 850 2166 suit
869 2084 972 2166 istane
987 2106 1086 2182 imago

349 2215 406 2278 Hic
427 2211 501 2276 tua?
523 2214 605 2278 Talis
627 2231 709 2276 cram
730 2231 857 2282 mecum,
880 2213 1004 2276 miratus
1027 2233 1158 2276 amorem

299 2343 332 2398 95
349 2324 446 2405 liujus
467 2323 608 2395 vivacem,
632 2323 693 2402 qui,
716 2322 786 2383 dum
808 2321 866 2383 isto
889 2323 971 2401 degit
991 2324 1023 2384 in
1046 2324 1128 2398 orbe,

351 2433 586 2513 Contemplando
608 2431 689 2495 iilam
710 2447 814 2512 pacem
836 2441 971 2511 gustasse
993 2441 1123 2513 putatur.

392 2542 458 2617 Fili,
482 2543 658 2622 gratificans,
682 2543 729 2604 oui
751 2542 832 2620 largo
854 2541 948 2620 gratia
971 2542 1051 2614 iavit,

352 2653 475 2732 Cognita
497 2653 555 2714 erit
576 2653 718 2726 nondum,
741 2651 823 2725 dixit,
846 2669 913 2713 sors
935 2651 1010 2714 baec
1032 2652 1086 2714 tibi
1108 2651 1242 2732 pulchra,

350 2763 453 2824 Donec
475 2760 570 2824 defixa
590 2760 665 2824 haec
687 2761 774 2823 oculo
796 2760 953 2824 miraberis
976 2761 1051 2837 ima3

286 2883 335 2935 10⁰
350 2873 474 2933 hrrecta
496 2871 551 2934 sed
571 2877 696 2950 uhaquo
718 2871 784 2933 acie
806 2872 1002 2952 circumspice
1025 2870 1141 2943 circlos,

352 2982 391 3044 Et
411 2980 536 3044 circium
557 2981 700 3054 invenies,
724 2981 775 3061 qui
797 2981 1015 3044 semotissimus
1037 2981 1096 3044 aite

354 3093 463 3169 Surgit,
486 3092 628 3171 Romnum
650 3091 747 3154 donec
769 3099 906 3171 spectare
929 3091 1082 3153 sedentem

355 3202 404 3264 Sit
422 3201 488 3272 tibi,
512 3219 600 3281 quam
622 3202 731 3280 pietate
753 3199 856 3262 colunt
877 3199 953 3262 baec
975 3200 1092 3262 subdita
1116 3217 1216 3278 regna.

398 3309 583 3374 Sustuleram
605 3309 735 3381 obtutus,
758 3319 789 3372 et
810 3310 889 3373 sicut
909 3327 996 3373 mane
1017 3310 1134 3374 novello

289 3425 338 3479 105
356 3420 439 3494 Quae
462 3439 532 3502 pars
554 3421 586 3482 in
608 3421 697 3501 piano
719 3420 787 3501 pius
808 3421 904 3498 vergit
925 3419 998 3482 solis
1021 3422 1058 3482 ad
1080 3430 1186 3496 ortum,

355 3530 521 3610 Exsuperat
542 3539 664 3611 partem,
688 3549 745 3611 qua
767 3531 816 3592 lux
837 3531 958 3593 festinat
979 3531 1010 3592 in
1032 3549 1160 3614 aequor:

357 3640 417 3714 Sic,
439 3659 533 3720 paene
556 3640 592 3703 ad
615 3649 746 3704 montem
768 3659 896 3722 pergens
919 3661 955 3702 ex
975 3641 1050 3704 raiie
1071 3645 1233 3722 proiectus,

357 3751 477 3814 Partem
498 3769 569 3812 orae
591 3760 737 3814 extremae
759 3751 904 3832 reliquam
926 3752 1041 3831 inigure
1062 3751 1198 3814 videbam

357 3861 484 3923 Vincere
505 3867 699 3940 prospectum
721 3868 832 3936 totnm3
855 3873 946 3942 aitque
967 3863 1101 3924 ridemus
1124 3863 1155 3923 in
1177 3881 1229 3924 ora

294 3984 342 4037 110
358 3971 556 4051 Exspectante
578 3987 670 4042 axem,
691 3970 870 4034 Phaethonti
893 3971 943 4052 qui
966 3973 1043 4034 maie
1065 3973 1166 4045 cessit,

357 4081 436 4144 Hinc
457 4080 552 4159 magis
574 4087 661 4160 atque
683 4081 777 4158 magis
798 4079 898 4144 iumen
920 4080 1095 4156 ciaresoere,
1119 4092 1150 4144 et
1170 4081 1240 4146 indo

358 4189 474 4253 Passim
496 4189 631 4264 diminui,
654 4189 699 4251 sic
720 4189 800 4252 iliius
821 4191 1047 4254 huristiammae

360 4299 506 4362 Pacificas
527 4300 622 4378 magis
644 4319 679 4363 ao
700 4300 794 4380 magis
815 4299 1040 4364 increbrescere
1061 4301 1161 4382 iuigcr

1456 2800 1458 2825 i

1455 2852 1458 2865 ι

238 4432 285 4507 t.
307 4503 308 4506 ,
664 4490 1456 4516 *ww-“wad
