3136 5164
304 391 367 456 256
731 391 911 444 uuacarcau
930 391 1008 442 xxxi.

370 611 494 675 ermiua
517 610 641 674 miraeus
658 608 812 692 juvenilis,
834 618 864 672 et
884 608 965 672 bunc
986 625 1041 688 ego
1063 626 1181 672 mecum

305 729 355 784 11⁰
370 721 493 784 Rectum
514 720 659 784 ducebam
681 737 736 799 per
757 718 823 780 iter.
867 717 962 780 Simul
984 718 1049 798 ipsa
1071 721 1221 784 secundae

370 831 481 894 Aetatis
504 829 588 909 tetigi
610 829 712 902 buren,
734 835 906 907 mutataque
927 826 986 890 rita
1008 836 1063 902 est,

371 941 411 1003 Sc
433 940 505 1002 mibi
528 940 555 1002 is
578 938 695 1018 cripere
717 945 806 1018 atque
828 936 888 1000 alic
910 938 1066 1000 traducere
1088 956 1215 1002 amores.

371 1049 445 1112 Cum
467 1049 576 1130 positis
597 1065 693 1110 nurus
715 1047 829 1110 exuviis
850 1045 1024 1111 mortalibus
1046 1055 1127 1110 astra

371 1159 500 1240 Spiritus
521 1157 572 1221 bic
592 1157 696 1239 petiit;
717 1163 878 1238 postquam
900 1155 975 1218 mibi
997 1156 1092 1220 torma
1114 1157 1265 1238 decusque

304 1270 509 1332 liberaverat
530 1277 559 1330 et
579 1267 682 1340 virtus,
705 1266 804 1328 miuus
827 1273 858 1328 et
878 1264 979 1328 miuus
1000 1265 1071 1327 huic
1093 1285 1148 1346 cqc
1171 1286 1239 1330 cara

368 1379 466 1458 Atque
487 1385 608 1458 accepta
630 1376 684 1440 tui.
727 1375 787 1438 Per
806 1376 901 1437 flexus
924 1374 967 1436 ire
989 1375 1103 1439 viarum

369 1487 435 1549 Nou
457 1505 545 1550 rarus
566 1486 678 1558 statuit,
701 1484 858 1548 simulacra
882 1483 987 1546 dolosa
1008 1483 1156 1549 bonorum

370 1599 509 1669 Venatus,
532 1613 683 1676 nunquam
703 1594 862 1674 promissis
885 1601 968 1656 sucta
989 1612 1121 1656 manera.

367 1706 430 1768 Nec
451 1705 524 1768 mibi
547 1705 651 1768 vitales
673 1703 765 1766 divini
786 1702 917 1766 flaminis
943 1721 1032 1766 auras

303 1832 352 1884 lau
367 1815 484 1878 Profuit
504 1816 661 1894 impetrare
683 1812 742 1885 isti,
766 1820 799 1874 ut
818 1831 874 1892 per
895 1812 1011 1874 samnia
1033 1831 1147 1893 perque

366 1925 447 1988 Mille
468 1932 547 1988 artes
569 1924 643 1986 alias
665 1939 845 1986 revocarem.
888 1921 965 1984 Huic
986 1921 1100 1986 uubda
1120 1923 1215 1985 nostri

368 2035 445 2100 Cura
466 2034 531 2107 tuit,
555 2033 722 2114 ceciditque
744 2032 819 2096 adeo
840 2049 925 2110 mage
947 2040 1087 2112 praepete
1109 2051 1191 2099 casu.

367 2146 414 2218 Ut,
438 2143 582 2226 quidquid
604 2141 775 2206 remanebat
797 2142 873 2222 opis,
896 2159 1015 2204 serrare
1037 2142 1169 2206 studenti

365 2257 432 2320 Jam
453 2271 592 2316 mancum
614 2253 710 2326 tuerit,
731 2259 850 2332 praeter
871 2252 1064 2314 monstranda
1086 2252 1215 2332 maligue

301 2375 350 2430 tab
367 2366 477 2444 Regna,
500 2371 588 2444 atque
609 2371 731 2425 aeterna
753 2361 907 2424 dumetae
927 2343 1024 2424 mbrte
1046 2369 1190 2424 catervas.

366 2475 445 2554 Erga
465 2474 570 2536 harum
592 2471 678 2534 invisi
701 2479 818 2550 partam
838 2471 1040 2552 precibusque
1060 2471 1163 2552 rogavi

364 2584 541 2647 Admiscens
561 2581 708 2654 lacrimas,
731 2580 782 2660 qui
804 2580 915 2642 dudum
936 2581 996 2644 buc
1017 2581 1141 2647 duxerat
1160 2583 1260 2646 istum.

365 2693 462 2775 Rupta
483 2694 583 2754 iurent
603 2693 662 2754 iata
685 2689 743 2752 alta
764 2690 827 2764 Dei,
850 2707 956 2754 secura
977 2691 1079 2754 vadari

365 2803 399 2866 Si
421 2809 526 2883 posset
547 2800 650 2873 Lethe,
672 2808 702 2864 et
723 2798 798 2879 daps
819 2799 893 2862 baec
913 2800 1059 2876 gustanda
1081 2801 1203 2872 renuet,

300 2931 349 2984 lau
365 2910 505 2992 Symbola
526 2910 577 2973 ubi
595 2909 716 2972 deesset
734 2908 932 2984 lacrimarum,
955 2929 1030 2990 quas
1051 2911 1138 2974 dolor
1159 2912 1236 2976 imus

365 3021 512 3096 diffundat,
535 3021 635 3084 tessus
657 3037 691 3082 se
712 3018 899 3099 poenituisse
919 3020 1077 3084 maiorum.

835 3279 948 3361 ΧΧΧΙ.

364 3460 389 3523 0
411 3468 453 3532 tu,
477 3459 528 3540 qui
548 3459 581 3520 iu
602 3459 679 3522 sacri
699 3458 763 3538 ripa
786 3457 928 3522 ulteriore
949 3457 1078 3521 moraris
1125 3465 1129 3472 '

362 3567 522 3632 Fluminis!
545 3601 588 3612 —
608 3567 735 3630 obverso
757 3568 901 3648 punctim,
924 3569 1036 3630 caesim
1058 3577 1126 3634 aute
1147 3577 1244 3632 rctatc

361 3679 510 3762 biloquio,
532 3677 613 3758 qued
635 3676 815 3740 eretricum
838 3686 938 3741 tamen
959 3677 1082 3741 auribus
1104 3695 1182 3754 acre,

361 3788 410 3851 Nil
432 3795 567 3850 cunctata
590 3788 697 3850 iterum
719 3789 839 3868 coepit3
859 3821 903 3834 -
923 3805 994 3852 uum
1014 3807 1085 3852 vera
1106 3787 1205 3852 iccuta

246 3892 249 3902 “
328 3899 425 3966 cSim
447 3897 547 3970 modo,
569 3897 628 3972 dic,
652 3913 706 3974 aqe
728 3897 794 3970 dic;
817 3906 898 3960 tauto
921 3917 989 3961 cum
1011 3897 1136 3962 crimine
1158 3905 1279 3980 oportet

362 4007 458 4070 Verba
480 4006 599 4070 fatentis
621 4017 691 4070 aaut
711 3990 832 4087 pariter.
853 4041 895 4054 -
918 4007 1048 4070 Confusa
1071 4005 1195 4070 saeuius

361 4117 413 4180 Sic
434 4135 482 4179 me
503 4122 667 4196 torpuerat,
688 4125 721 4179 ut
742 4135 818 4197 quae
838 4135 896 4182 rcx
916 4116 1055 4190 hisceret,
1078 4125 1148 4182 aute

363 4226 458 4301 Quam
480 4223 580 4305 linqua
601 4226 696 4288 emitti
717 4235 831 4306 posset,
853 4228 995 4292 restincta
1017 4236 1161 4293 manaret.

403 4335 470 4399 uon
492 4335 559 4398 tua
579 4334 629 4398 ua
650 4335 710 4411 aru,
733 4336 786 4400 seu
809 4337 864 4401 aa:
887 4311 966 4412 dua
987 4343 1111 4418 pecare
1132 4334 1250 4400 voras?
