3144 5164
584 401 717 450 Plututst
736 402 792 452 xtt.

86 495 347 504 ----..——-—-·-—·—
352 495 362 502 -·
369 493 601 504 ——ae-—mn
607 495 906 506 *an—uu·—

76 635 78 645 ·
184 618 316 681 Flamma
340 617 391 678 diu
413 617 459 678 sic
480 616 560 678 hunc
582 617 693 681 circum
715 617 845 682 radiabit
865 620 1017 685 amictum.

137 733 168 786 tto
184 729 248 790 Lux
269 727 358 808 hujus
379 727 493 806 pariter
513 743 581 788 cum
602 736 686 788 aestu
708 728 872 808 procedere
893 731 1008 810 pergite

183 838 292 900 Aestus
315 855 381 898 cum
405 835 532 908 intuitu;
554 835 659 915 visque
681 837 769 918 liujus
791 846 872 900 tenta
893 841 1027 910 resultet,

185 945 302 1020 Quanta
325 953 380 1017 est,
403 945 499 1024 ipsius
521 965 598 1025 quine
620 946 713 1022 gretia
735 947 828 1009 vincit
850 966 986 1012 acumen.

184 1056 221 1116 Ut
242 1055 351 1118 decore
372 1055 520 1134 insignem
543 1069 579 1116 ec
599 1063 733 1118 sanctam
756 1057 865 1120 vestire
887 1058 988 1122 licebit

76 1160 79 1245 ξ
186 1165 311 1227 Carnem
333 1165 450 1236 iterum,
474 1164 510 1236 si,
533 1171 566 1225 ut
587 1173 696 1244 quanto
719 1165 769 1228 illa
791 1177 845 1239 est,
869 1167 915 1232 sic
936 1177 997 1232 tou
1019 1170 1137 1245 redibit,

76 1252 79 1355 l
136 1287 168 1338 to
186 1275 304 1336 Grotior
324 1275 428 1336 evadet
450 1273 566 1336 cunctis
587 1293 717 1354 persona
739 1275 844 1338 bootis.
910 1275 912 1284 ’

76 1360 79 1483 ξ
184 1385 318 1464 Namque
340 1383 435 1462 magis
456 1383 572 1460 gliscet,
596 1381 675 1464 quod
698 1383 774 1446 lucis
797 1385 890 1446 donet
910 1385 1022 1450 hebere

75 1486 79 1571 ἱ
185 1495 325 1556 Summus
347 1513 431 1554 emor
452 1495 552 1572 protis,
576 1492 662 1566 lucis,
685 1511 760 1573 quoe
782 1511 873 1574 posse
895 1495 971 1558 tueri

76 1577 79 1596 ¹
185 1605 241 1666 llot
262 1603 350 1684 nobis
372 1602 464 1664 illum.
508 1602 635 1666 intuitus
656 1601 701 1664 sic
723 1601 829 1680 gliscet
850 1613 977 1684 oportet,

186 1711 299 1776 Gliscet
319 1712 357 1774 ab
379 1712 487 1774 intuitu
511 1712 592 1774 celor
614 1712 732 1784 ondens,
755 1712 861 1790 gliscat
882 1724 913 1776 et
933 1713 1029 1778 almus

136 1831 168 1884 45
185 1822 258 1884 lnde
281 1823 376 1882 llnens
399 1822 505 1900 fulgor.
549 1821 657 1887 Verum
680 1821 819 1884 carbonis
842 1822 878 1884 od
901 1823 1004 1897 instar,

187 1932 245 2005 Qui
268 1929 361 1992 mittit
380 1931 538 2004 flammam,
562 1938 592 1992 et
612 1929 678 1991 vivo
703 1931 832 1992 cendone
855 1932 996 1994 renidens

185 2041 237 2102 Sic
259 2039 341 2102 illem
363 2048 495 2120 superat,
517 2059 585 2102 sese
608 2049 639 2104 ut
661 2040 823 2103 detondere
844 2050 973 2120 perstet;

185 2150 270 2212 Haud
294 2150 380 2210 aliter
397 2149 487 2229 jubar
507 2150 575 2224 hoc,
598 2169 654 2212 nos
676 2149 807 2230 undique
830 2149 1041 2214 circumlusum

77 2219 80 2362 l
187 2259 282 2333 Quale
304 2267 360 2330 est,
383 2279 399 2320 a
422 2277 512 2322 cerne
534 2259 664 2322 exterius
686 2258 830 2331 vincetur,
853 2259 885 2321 in
906 2259 968 2322 imo

77 2388 80 2446 ι
139 2386 171 2438 so
188 2370 283 2444 Quam
307 2377 383 2431 terra
406 2387 501 2447 usqne
523 2367 591 2432 sinn
614 2369 707 2443 celat3
729 2387 785 2432 neo
808 2369 893 2450 copie
916 2370 992 2434 lucis

187 2479 281 2541 Tanta
305 2486 394 2558 queat
415 2478 529 2540 lassare
551 2479 673 2553 oculos,
694 2497 822 2559 nomque
844 2497 954 2557 orgnuo
977 2481 1072 2542 nostri

187 2587 330 2668 Corporis
353 2587 502 2668 accipient
522 2587 611 2661 vires,
633 2596 667 2648 ut
687 2588 765 2650 lerre
786 2595 919 2667 potestus

187 2697 242 2771 su,
267 2696 410 2777 quidquid
434 2695 513 2760 dulci
535 2689 666 2760 mentem
688 2697 852 2778 percellere
874 2716 967 2760 sensu

186 2806 301 2868 Eximio
323 2805 428 2867 velent.
470 2806 535 2868 lom
558 2805 673 2868 nleeres
694 2806 805 2870 chorus
828 2826 906 2868 unus
926 2821 957 2870 et
977 2808 1060 2881 alter,

139 2929 169 2982 55
186 2916 355 2996 lntentique
378 2935 482 2980 omnes
505 2924 575 2978 sunt
596 2915 652 2977 visi
676 2934 832 2997 erumpere
855 2916 885 2980 in
907 2914 1020 2982 Amen!

186 3027 223 3089 Ut
245 3025 427 3088 desiderium
448 3025 582 3088 defuncti
604 3037 701 3088 morte
723 3034 839 3106 poteret

187 3135 330 3215 Corporis
352 3135 431 3196 hand
453 3134 592 3210 dubium3
613 3155 671 3198 nec
694 3143 806 3198 tentum
827 3137 904 3198 lortc
927 3136 985 3198 sibi
1008 3137 1092 3217 ipsis,

185 3246 294 3308 Verum
317 3253 346 3306 et
367 3263 422 3325 pro
444 3245 548 3324 petris,
571 3259 626 3325 pro
650 3264 720 3308 cero
743 3257 868 3324 corpore
890 3244 1002 3317 metris,

76 3392 80 3479 Ι
185 3353 223 3416 Et
244 3350 377 3434 reliquae
398 3353 512 3427 nubae,
535 3373 623 3434 quom
646 3353 786 3426 dilexere,
807 3354 983 3434 priusquam

138 3475 169 3527 to
184 3463 306 3526 Aeterni
329 3465 435 3528 tierent
457 3464 551 3540 ignes.
595 3462 690 3544 utque
713 3482 783 3526 ecce
805 3473 930 3543 repente

186 3572 258 3634 0rte
281 3574 379 3635 nitore
400 3572 466 3654 peri
489 3572 685 3653 superaddier
705 3572 797 3636 altero
820 3573 933 3653 prinmo

183 3683 246 3744 Lux
270 3683 394 3756 circum,
417 3683 514 3763 qualis
535 3683 635 3745 [initur
656 3682 785 3744 circulus
808 3702 898 3744 oureo

184 3793 254 3855 Sole
276 3793 404 3856 vehente
425 3794 523 3865 diemr
545 3809 581 3854 oc
601 3792 692 3854 veluti
713 3791 771 3854 sub
792 3793 927 3872 vesperis
948 3793 1038 3856 horne

184 3901 301 3990 Primos
323 3902 471 3983 incipiunt
492 3922 566 3964 nove
590 3902 675 3980 signe
698 3902 882 3964 adscendere
904 3902 935 3966 in
959 3903 1066 3966 ultum:

77 4016 79 4025 '
137 4028 168 4082 td
185 4012 244 4084 Sic,
268 4012 352 4072 utin
375 4011 514 4090 ambiguo
537 4020 596 4074 stet
618 4031 713 4085 mens,
736 4012 888 4084 credetne,
911 4022 1038 4092 negetne

77 4188 80 4211 1
185 4122 267 4183 Testi
289 4121 377 4182 oculo
398 4137 509 4194 verum,
532 4141 607 4184 nove
630 4121 854 4185 circumvertier
875 4122 938 4186 illic
1123 4108 1125 4116 ¹

183 4231 246 4293 llos
267 4239 349 4293 extre
371 4232 507 4310 geminos
529 4231 617 4294 orbes
640 4240 710 4294 sunt
732 4233 867 4294 flammea
890 4232 953 4294 viso

184 4341 284 4420 Signa.
308 4375 349 4386 -
373 4341 396 4404 0
420 4341 469 4404 lux
491 4359 587 4416 verex,
610 4361 628 4403 o
652 4341 767 4422 lampas
787 4341 918 4402 flaminis
941 4342 1001 4414 ulti,

78 4440 680 4556 3-—

1086 4443 1136 4494 21*
