3136 5164
245 357 470 487 [2ss
490 355 594 362 'W
646 353 1231 460 ””ᾞᾸιῖιὲι’νιι.“““’
1268 357 1354 362 ““
1384 357 1479 375 ““““

366 631 409 692 Ne
431 631 540 692 mirere
562 628 649 700 ultra,
672 628 699 690 si
722 646 810 708 quem
832 627 878 690 sic
899 625 990 688 iarier
1011 627 1108 698 audis,

366 741 485 802 Ultores
508 739 571 802 irae
589 739 690 820 justae
708 738 820 819 justam
843 755 911 798 esse
933 737 1087 799 cohortem

367 850 474 912 Ultcm.
517 851 571 911 Ast
592 847 767 929 implicitam
790 847 843 909 tibi
866 855 995 910 mentem
1016 846 1193 910 haerescere
1215 848 1296 910 nodo

367 959 538 1024 Distriotam
560 958 642 1020 ramo
663 957 761 1031 uideo,
784 975 844 1037 quo
865 973 970 1034 magna
993 956 1102 1036 cupido

318 1080 352 1132 5⁰
368 1069 452 1132 Hanc
474 1068 645 1130 extricatam
668 1075 831 1148 exspectat.
876 1067 921 1127 Tu
944 1065 1014 1128 talis
1035 1073 1146 1128 tectum:

368 1178 448 1240 llaec
471 1177 569 1240 audita
592 1177 665 1240 mihi
687 1176 775 1238 facile
798 1183 843 1238 est
865 1175 1019 1238 advertero
1041 1185 1155 1248 montet

369 1287 428 1352 Sed
451 1306 499 1350 me
521 1304 627 1348 caussa
649 1284 730 1358 latet,
754 1304 808 1348 cur
829 1283 926 1348 solum
948 1285 1005 1348 hac
1027 1295 1089 1346 arte
1112 1286 1283 1366 redemptos
1377 1265 1381 1272 ’

368 1398 430 1460 Nos
452 1396 590 1460 Amoris
612 1395 708 1458 vellet.
751 1396 864 1466 Frater,
887 1403 986 1456 manet
1007 1394 1062 1456 ista
1085 1395 1200 1474 sepulta

369 1508 430 1570 Lex
452 1506 547 1569 cerdis
570 1505 714 1586 cujusque
736 1505 876 1578 hominis,
899 1504 948 1566 cni
970 1503 1090 1566 ilamins
1112 1506 1207 1568 sancti

320 1623 352 1676 55
368 1617 507 1679 Nondum
529 1616 618 1678 etiam
641 1614 793 1692 ingenium
816 1613 943 1678 llammis
966 1615 1095 1676 adolevit
1120 1615 1241 1678 amoris.

369 1727 499 1805 ingenue
521 1726 586 1806 ipsa
610 1724 740 1806 quidem,
762 1743 832 1786 uam
853 1725 913 1786 huo
934 1735 1071 1804 spectant
1091 1725 1181 1786 mults
1203 1726 1337 1790 virorum

372 1835 510 1908 Consilia,
534 1844 622 1914 atque
644 1853 749 1914 perum
773 1843 842 1896 sunt
863 1834 1068 1898 internoscere
1088 1853 1190 1896 renum

371 1949 455 2025 Apta,
479 1945 595 2025 loquar,
618 1963 709 2024 quere
731 1945 822 2008 suerit
843 1944 917 2006 ratio
940 1944 997 2006 ista
1018 1942 1143 2023 legenda

249 2000 253 2190 ι
371 2055 466 2132 Digna
487 2055 592 2132 magis.
637 2055 720 2128 Quae
742 2071 860 2116 omnem
881 2052 999 2116 bonitas
1021 2053 1119 2116 divina
1143 2055 1261 2135 repellit

250 2193 254 2327 Ι
322 2175 356 2228 tu
373 2166 521 2237 Livorem,
543 2164 656 2244 proprii
677 2171 738 2226 tota
761 2164 869 2226 ardens
893 2162 1010 2241 ignibus
1031 2163 1109 2240 ignis

373 2275 518 2337 Flammct
539 2274 589 2343 ita,
612 2275 726 2336 aeterni
748 2283 781 2336 ut
801 2273 946 2336 dillundat
967 2273 1078 2352 ubique
1100 2274 1220 2336 decoris

251 2331 254 2462 i
374 2377 507 2448 Iliiitias.
552 2383 702 2463 Quidquid
724 2383 839 2462 privum
861 2383 951 2444 modo
974 2390 1073 2444 manet
1095 2382 1132 2444 ab
1154 2384 1227 2464 ipsa,

373 2495 530 2575 Nunquam
553 2493 678 2556 doletur.
721 2492 824 2572 Neque
846 2494 926 2554 enim
947 2491 1035 2572 hrrjus
1058 2493 1141 2570 signa
1164 2503 1329 2567 moventur,

375 2604 459 2678 Quae
482 2603 573 2666 semel
597 2603 756 2684 impressit
802 2602 953 2682 Quidquid
975 2603 1091 2682 privum
1113 2603 1230 2683 impluit
1251 2605 1326 2685 ipsa,

324 2729 357 2782 os
375 2715 442 2776 Non
464 2713 624 2776 comitante
646 2713 703 2775 alia
727 2731 842 2785 caussa,
864 2688 965 2774 manet
985 2731 1073 2774 omne
1095 2713 1225 2776 solatrum

376 2822 503 2885 Servitio
526 2825 634 2902 (neque
658 2823 737 2884 enim
757 2839 775 2883 s
797 2841 896 2884 rernm
917 2822 1022 2884 virtute
1044 2841 1187 2886 noramm
1480 2828 1484 2945 ἱ

376 2933 409 2994 ld
432 2931 553 3012 pendet)
575 2931 643 3010 plus
665 2932 735 2993 hnic
756 2949 824 2993 sese
847 2931 1013 2994 conformat
1035 2951 1130 3012 eoque
1481 2958 1484 3029 Ι

377 3042 449 3105 Plus
472 3040 580 3122 placet.
624 3040 722 3102 Ardor
743 3041 822 3104 euim
844 3049 975 3114 sanctus,
997 3041 1063 3104 luce
1085 3042 1185 3106 omnia
1207 3043 1348 3118 lustrans,
1481 3048 1484 3077 ¹

377 3153 412 3214 lu
435 3170 524 3230 quem
545 3151 613 3231 plus
636 3150 763 3212 similem
785 3151 843 3214 sibi
865 3151 936 3220 adit,
958 3151 1087 3214 vivacius
1108 3154 1175 3232 igne
1482 3122 1485 3233 i

328 3278 362 3330 70
378 3262 528 3340 Fulgurat.
572 3260 724 3324 Humanae
747 3267 852 3322 cuncta
873 3261 948 3324 haec
969 3262 1041 3323 dant
1061 3281 1199 3325 crescere
1220 3265 1327 3346 stirpi;
1482 3264 1485 3367 ξ

377 3371 539 3435 Deficiente
562 3389 631 3444 uno,
655 3369 744 3432 simul
765 3371 830 3450 ipsa
852 3371 963 3432 minuta
985 3389 1110 3434 neccsse
1132 3381 1180 3435 est
1316 3401 1322 3406 ·
1483 3396 1486 3445 t

379 3478 538 3543 Nobilitate
561 3480 655 3547 cadat
699 3479 782 3554 Quae
803 3478 938 3542 libertate
960 3489 1109 3544 carentem
1483 3490 1486 3589 p

380 3589 463 3652 llanc
485 3589 564 3654 iacit.
586 3598 633 3652 est
654 3589 759 3669 culpae
783 3588 881 3662 labos,
904 3590 977 3652 haec
999 3591 1086 3654 unica
1108 3609 1214 3654 caussa
1236 3604 1291 3666 est,

380 3699 532 3764 Diversam
554 3719 570 3762 a
592 3717 708 3760 summo
730 3717 806 3778 quae
826 3699 922 3780 ipsam
944 3698 1089 3764 deionnst
1109 3701 1235 3776 limum

260 3824 263 3871 ι
332 3823 364 3878 75
381 3809 514 3888 Namque
536 3827 640 3888 parum
662 3808 749 3870 istius
771 3808 847 3870 lucis
869 3809 990 3872 seluce
1013 3810 1141 3874 colorat:

382 3919 419 3981 Et
440 3937 590 3998 nunquam
612 3918 642 3980 iu
665 3918 757 3980 decus
778 3919 930 4000 antiquum
953 3939 1022 3982 sese
1042 3921 1108 4000 ipsa
1129 3931 1262 4000 reponet,

383 4029 419 4091 Ni
442 4027 562 4108 plenum
585 4026 739 4102 instauret,
762 4029 841 4109 quod
864 4029 950 4110 culpa
971 4029 1091 4110 reliquit
1111 4031 1210 4104 inane,

383 4137 581 4201 documuians
599 4137 696 4218 justas
718 4147 820 4200 contra
843 4139 1045 4218 maingaudio
1067 4159 1190 4220 poenas.

384 4249 487 4320 Nostra
509 4245 560 4310 nbi
583 4266 616 4308 se
638 4249 668 4310 in
690 4249 813 4328 proprio
835 4249 992 4313 maculavit
1013 4251 1126 4312 semine
1149 4259 1239 4314 totam

258 3557 262 3599 ι

259 3642 262 3731 l

335 4364 369 4418 8⁰
384 4357 503 4430 Natura,
527 4358 651 4420 istorum
673 4365 720 4420 est
740 4365 844 4420 ornatu
868 4369 952 4423 exuta
974 4359 1126 4434 decorum,

265 4448 1488 4577 imm—„2
