3144 5164
618 377 752 428 lutumst
769 379 846 430 llll.

230 591 361 655 Ornatus
383 609 506 672 risuque
528 611 584 656 suc
606 593 789 674 alteriusque
810 595 918 670 nitere,

178 711 212 766 tc
229 703 265 764 m
287 709 515 783 praeportautcs
537 711 622 779 gestu
644 704 753 766 decora
775 703 875 766 omnia
897 705 1033 770 honeste.

227 811 354 893 Jamque
377 811 513 891 inspecta
535 812 609 874 mibi
632 811 778 892 generalis
800 813 896 876 lorma
916 815 997 880 beati

228 921 323 1002 Regni
346 931 408 984 tcta
429 921 525 984 oculis
547 922 652 996 luerat,
675 940 752 1001 quos
773 921 880 985 nullibi
901 924 977 986 linos

229 1031 359 1105 uetiam,
381 1040 420 1104 et,
442 1031 595 1094 desiderio
618 1031 828 1106 inflammante,
851 1033 989 1113 petebam

229 1141 320 1203 Dirae
342 1141 446 1202 ocules
468 1140 622 1215 bominac,
645 1141 780 1222 cupidus,
803 1160 879 1222 quae
900 1155 1000 1206 mente
1022 1147 1163 1210 tenebant

180 1259 213 1312 bu
230 1251 289 1313 lles
311 1270 359 1313 me
382 1269 572 1330 suspensum,
595 1251 742 1314 scitarier.
766 1285 803 1296 -
828 1253 909 1314 Unus
931 1253 968 1316 ad
991 1255 1064 1316 ista:

228 1359 455 1441 Responditque
477 1360 562 1424 alter.
605 1361 681 1424 Tum
704 1361 755 1442 qui
778 1371 912 1441 spectare
934 1362 1073 1443 putabam

230 1469 291 1532 tlra
312 1469 483 1544 ermcrs,
507 1470 655 1534 seniorem
678 1471 808 1550 tegmine
829 1471 899 1545 vidi,

231 1580 298 1654 One
321 1579 440 1660 Superi,
462 1579 609 1654 indutum,
632 1582 780 1642 sullusum
801 1580 964 1660 oculosque
986 1600 1136 1664 genasque

230 1689 316 1752 Comi
338 1689 450 1752 laetitia
471 1699 615 1770 gestuque
636 1691 728 1770 pium,
751 1699 785 1753 ιιι
805 1690 893 1753 decet
914 1709 983 1754 csse

179 1815 213 1870 55
230 1798 328 1862 corde
348 1805 464 1878 palrcm
487 1807 602 1861 tenero.
633 1799 689 1860 Ast
709 1817 764 1878 ego
786 1819 870 1862 mcx:
892 1801 1019 1865 Ubinam
1036 1802 1110 1867 illul
1130 1805 1203 1868 llibl
1222 1808 1293 1870 istc:

230 1908 267 1970 Ut
287 1908 342 1970 tibi
364 1917 410 1970 sat
430 1908 489 1982 liat,
512 1927 561 1972 me
582 1907 675 1970 mevit
695 1908 767 1971 sede
788 1909 936 1990 Baarmx3

229 2018 268 2080 tr
289 2018 316 2080 si
338 2005 486 2097 suspicias
508 2017 560 2097 qui
582 2017 687 2080 tertius
708 2017 813 2081 ordine
835 2037 983 2092 summum

230 2127 348 2192 Circius
369 2127 460 2190 babet
480 2143 644 2201 scamnum,
666 2145 770 2190 rursus
792 2129 950 2192 manifesta
972 2130 1129 2194 videndam

230 2240 271 2302 Sc
293 2237 377 2300 dabit
397 2236 429 2300 in
450 2236 538 2312 sclic,
559 2236 725 2300 benefactis
746 2246 816 2300 autc
836 2239 950 2319 paratis

180 2365 213 2418 cc
232 2347 321 2422 Quod
342 2348 445 2410 sortita
467 2346 532 2408 luit
554 2377 596 2392 —
618 2347 705 2410 Visus
728 2346 793 2410 sine
814 2365 887 2410 roca
909 2347 1010 2421 levavi,

230 2459 334 2538 Deque
355 2475 532 2538 repercusso
553 2456 669 2518 aeterni
690 2457 851 2537 splendore
874 2458 1008 2520 Pauculis

229 2567 316 2631 llanc
338 2586 393 2630 suc
415 2583 471 2645 ege
492 2565 552 2629 ridi
574 2565 665 2646 capiti
686 2565 796 2629 lceisse
819 2585 968 2630 coronam.

275 2679 410 2754 Quantus
433 2675 470 2738 ab
493 2684 623 2738 extrema
644 2677 776 2755 regione,
800 2676 851 2738 ubi
869 2679 1023 2742 flammeus
1042 2685 1093 2742 atr

230 2788 303 2851 Plus
325 2794 418 2860 tonat,
440 2785 587 2848 humanus
609 2785 704 2848 tendit
726 2786 893 2866 despectus,
915 2787 952 2850 ad
975 2789 1067 2850 imum

180 2913 214 2968 an
233 2897 345 2962 Oceani
367 2894 462 2974 magis
484 2903 656 2969 extremum,
679 2896 751 2959 mibi
774 2905 873 2960 tantus
894 2898 932 2959 ab
955 2897 1012 2960 ista

231 3008 276 3071 tc
298 3005 454 3069 llcmiuam
476 3013 634 3086 suspectus
656 3015 730 3068 erat
774 3007 834 3070 Scd
855 3007 936 3070 nulla
958 3009 1085 3070 nocebat

231 3118 272 3180 lli
293 3117 371 3179 ratic
393 3115 499 3195 spatii3
521 3133 619 3196 neque
641 3114 721 3177 enim
742 3115 780 3180 ad
801 3133 849 3178 me
870 3117 967 3179 lorma
988 3117 1105 3180 meabat

230 3229 318 3291 llista
339 3225 516 3306 interposito
538 3224 647 3286 medic.
693 3225 717 3287 0
739 3225 815 3286 milri
835 3225 946 3288 lemine
968 3228 1024 3299 dia,

230 3339 264 3401 ln
288 3355 345 3418 qua
368 3355 439 3416 spes
459 3335 539 3414 riget
559 3336 615 3398 ista
637 3334 723 3406 mili,
745 3333 793 3396 cui
815 3343 895 3397 tanta
918 3335 1021 3399 salutis

181 3461 215 3516 ⁷⁰
232 3448 308 3512 Cura
331 3465 414 3508 meae
436 3445 500 3519 luit,
524 3453 556 3508 ut
577 3444 694 3508 sineres
716 3443 844 3508 claustra
866 3445 967 3507 intima
989 3445 1041 3508 leti
1146 3507 1154 3518 ,

232 3561 321 3638 Signa
345 3556 387 3618 tui
409 3563 529 3636 portare
550 3552 653 3634 perlis!
678 3554 758 3628 Quot
779 3563 948 3635 manuque
970 3555 1048 3628 ucri,

232 3669 315 3730 llaec
334 3673 456 3746 accepta
478 3675 546 3727 tuae
567 3664 666 3726 virtuti
688 3672 802 3738 cuncta,
825 3663 965 3744 bonoque

230 3777 355 3856 lngenic
376 3773 488 3838 relerol
510 3771 581 3835 Mihi
604 3791 691 3835 seruc
711 3792 803 3855 posse
824 3772 933 3837 dedisti

231 3887 382 3949 Libertate
405 3885 471 3955 frui,
493 3883 659 3948 rationibus
681 3883 924 3964 mammisque,

182 4009 214 4064 75
233 3995 326 4071 Queis
348 3994 413 4056 fieri
435 3995 465 4056 icl
487 4003 600 4075 posset.
645 3994 708 4058 'l'ua
729 3993 887 4075 splendida
909 3995 987 4058 dona
1008 4004 1100 4067 tuere,

231 4107 278 4181 Ut,
302 4123 390 4186 quam
411 4113 443 4166 tu
465 4105 587 4179 sanasti,
610 4105 738 4168 animam
759 4105 797 4168 de
819 4123 945 4185 corpore
965 4104 1076 4166 solvam

231 4217 374 4296 Dignam,
399 4233 473 4294 quae
495 4215 613 4296 placeat
634 4213 703 4277 tibi!
726 4248 768 4260 -—
790 4215 841 4280 Sic
863 4233 929 4277 sum
952 4232 1023 4275 voce
1045 4220 1193 4293 precatus.
1241 4261 1244 4270 .

231 4327 288 4389 llst
309 4345 361 4399 ca,
385 4335 444 4388 tam
466 4326 554 4404 louge
577 4325 690 4389 distans
713 4323 787 4387 mihi
808 4323 880 4399 visa,
902 4323 1031 4402 benigue
