3142 5166
306 401 365 466 lut
732 401 912 454 senserunt
929 401 990 454 rue

319 632 354 685 tu
370 622 453 685 iuter
473 621 675 701 magnanimus
695 621 819 684 rrmbrus
841 619 956 701 iurique
976 619 1119 694 vicissim,

372 733 454 805 Quas
475 751 535 794 nen
557 730 719 812 perleviter
738 749 792 792 res
814 729 865 792 hie
886 737 1022 810 speeture
1039 729 1164 811 juvebit

371 841 447 906 'ires
470 849 584 904 tuntum
605 859 715 922 pessus
737 858 786 901 me
807 838 1003 902 descendisse
1024 847 1169 919 peterem,

370 949 444 1013 Cum
466 949 545 1014 subii
566 967 603 1013 se
623 948 684 1012 ridi
706 947 856 1028 quendam
877 967 926 1011 me
946 949 1058 1012 iumine
1079 957 1208 1031 utreque

370 1059 574 1134 humentem,
598 1059 727 1122 similem
749 1057 856 1138 cupide
878 1075 1074 1122 menoeceus
1096 1060 1205 1123 urenti.

319 1175 353 1230 te
414 1169 546 1250 Tempus
569 1177 647 1242 erut,
670 1187 730 1249 que
753 1174 805 1232 uir
826 1167 976 1246 migrabat,
999 1185 1056 1231 nee
1077 1176 1178 1234 tumen
1199 1178 1264 1232 uter·

371 1279 472 1359 Usque
494 1279 584 1352 adse,
607 1286 640 1341 ut
660 1279 743 1340 risus
764 1291 825 1339 nen
848 1277 1015 1340 deeiururet
1035 1277 1163 1359 utn‘que,

372 1389 457 1463 uuae
477 1389 590 1452 tauers
612 1387 707 1468 psus.
739 1369 821 1450 ‘nni
843 1394 964 1451 venere
984 1387 1106 1462 obvius,
1130 1387 1172 1450 en

372 1497 483 1561 Obvius
506 1498 573 1578 ipse
595 1497 649 1560 ini.
692 1497 785 1566 Neue,
805 1495 897 1577 judex
919 1497 1031 1576 optime
1053 1515 1163 1573 rerum,

372 1608 468 1683 Quam
489 1607 584 1670 iaetus
604 1625 696 1687 preve
717 1615 866 1669 semotum
888 1613 917 1668 ie
938 1607 1057 1684 agmine
1077 1605 1152 1668 ridi!

320 1728 355 1782 tiu
369 1717 457 1780 Nniiu
478 1716 626 1780 suintsndi
647 1717 722 1779 rutie
744 1715 908 1778 bellissime
929 1715 1017 1778 nubis

370 1827 533 1890 Praeterita
555 1834 610 1888 est
631 1825 809 1888 -Deinde
830 1825 887 1887 inse
908 1825 1008 1905 eoepit
1027 1843 1076 1888 me
1098 1843 1172 1890 rues
1193 1843 1316 1905 regere:

372 1935 585 2017 Quampridsm
606 1951 730 2012 gressus
751 1943 781 1997 te
801 1945 934 1998 menum
956 1934 1038 1998 duxit
1058 1934 1095 1998 ud
1117 1936 1207 1998 istum

371 2045 563 2126 Longinques
585 2055 806 2124 uansgmssum
827 2043 947 2107 nudus?
968 2075 1010 2090 -
1031 2044 1100 2118 Oh,
1122 2045 1167 2108 sie
1188 2062 1244 2124 ege
1267 2053 1380 2121 eunus.

371 2153 437 2218 iiee
457 2173 544 2218 mune
566 2153 671 2218 adveni
692 2155 865 2236 pertristis
886 2169 977 2234 regna
1000 2164 1131 2234 vegetus,

320 2265 528 2345 diutinumque
549 2264 655 2338 nsum,
678 2284 726 2327 me
747 2267 806 2327 vitu
828 2272 942 2338 munet,
965 2264 1037 2327 lieet
1058 2265 1125 2345 ipse
1145 2281 1202 2344 per
1222 2265 1299 2327 istus

370 2374 457 2436 Nune
477 2373 564 2438 eiiam
586 2375 739 2455 nequirem
759 2393 878 2438 eureus.
916 2374 977 2438 Ubi
999 2373 1126 2456 pereuiit
1146 2391 1235 2436 eures
1475 2316 1480 2458 i

370 2483 542 2557 Rusones,
565 2482 741 2546 Soneeenns
763 2483 852 2546 simul
880 2491 911 2546 et
932 2483 1019 2546 simei
1041 2485 1099 2546 iste
1120 2491 1285 2547 retrorsum
1474 2465 1478 2651 Ι

370 2592 554 2674 depressere
574 2591 683 2674 pedes,
708 2603 739 2656 ut
760 2595 845 2674 queis
866 2595 957 2657 timer
977 2611 1048 2657 essu
1069 2599 1194 2674 repente

372 2700 515 2781 Oeeupst.
559 2702 641 2766 diter
662 2701 723 2765 edit
743 2712 855 2778 veteru,
878 2704 953 2783 petit
972 2701 1079 2766 enuere
1101 2703 1257 2766 sedentem
1475 2672 1478 2803 ἱ

320 2826 355 2880 ee
372 2811 412 2874 Se
433 2819 572 2891 prepter,
595 2811 742 2874 clemens:
765 2813 921 2887 Gennune,
944 2814 1094 2893 exsurgite
1121 2813 1253 2894 edesque

372 2920 512 2995 visurus,
534 2920 666 2983 donante
686 2921 764 2994 Dee,
789 2921 860 3001 quid
882 2923 976 3002 gretie
998 2923 1104 3004 pessit.
1475 2886 1479 3013 l

414 3028 527 3092 Deinde
549 3029 637 3092 mini:
660 3029 721 3092 Per
740 3049 816 3112 quse
838 3039 870 3094 tu
892 3041 972 3096 tenta
994 3043 1026 3095 et
1044 3033 1169 3096 muniens
1191 3031 1284 3096 debes
1476 3045 1479 3143 ἶ

372 3137 433 3214 liii,
457 3139 508 3220 qui
530 3139 656 3220 primunr
679 3157 816 3203 enussem
837 3143 882 3204 sie
904 3143 995 3205 eerde
1016 3142 1161 3216 recendit,
1477 3212 1480 3259 t

372 3249 409 3312 Ut
430 3257 587 3330 penetrare
607 3250 715 3312 vudum
736 3269 797 3312 nen
820 3251 873 3325 sit,
898 3259 981 3314 trans
1003 3271 1135 3332 sequen
1157 3252 1217 3315 iate

321 3359 447 3426 seeum
468 3359 597 3439 primum
618 3359 737 3434 uenies,
759 3359 831 3422 miiri
854 3369 953 3424 nuum
974 3363 1096 3424 inerter-e
1115 3363 1261 3435 dessein,
1477 3284 1480 3493 Ι

372 3467 424 3540 iit,
447 3487 523 3550 quae
545 3468 730 3550 respondent
750 3469 933 3544 insentibus,
957 3471 1034 3533 ustie
1055 3471 1156 3552 pulset
1336 3447 1342 3458 ⁸

371 3577 430 3640 Pro
452 3595 511 3640 me.
553 3577 688 3658 Namque
710 3577 799 3659 hujus
820 3589 916 3644 muter
936 3581 1047 3644 delerit
1067 3599 1208 3652 amemur,
1477 3506 1481 3697 ι

371 3685 464 3748 Primi
486 3685 577 3750 eiriits
598 3687 668 3761 riri,
690 3693 724 3750 ut
744 3689 851 3764 erede,
875 3708 935 3771 que
957 3711 993 3754 er
1017 3703 1152 3772 tempere
1173 3690 1271 3754 reium
1478 3724 1481 3823 q

371 3793 478 3858 Album
499 3795 636 3872 meunt,
658 3797 738 3878 quud
760 3799 858 3861 edisne
879 3809 983 3881 eptsre
1006 3819 1132 3866 neeesse
1479 3840 1483 4105 ι

1480 4112 1484 4161 Ι

1481 4430 1484 4473 ι

321 3915 355 3968 tu
370 3901 457 3968 Nune
477 3903 568 3968 hebet
588 3906 699 3969 inieiir.
742 3907 834 3971 Valde
855 3921 903 3972 est
923 3909 987 3974 iere
1010 3929 1100 3974 nesse
1123 3929 1179 3992 per
1199 3911 1297 3983 istum,

370 4016 480 4077 Aestus
503 4033 589 4095 quum
612 4015 671 4078 eite
694 4016 814 4080 feminei
837 4020 1027 4098 extinguetur
1048 4021 1169 4088 umeris.

371 4123 408 4186 Ni
430 4131 573 4186 renerent
593 4125 729 4188 dammas
750 4127 830 4190 eeuli
854 4137 1010 4211 tecumque
1032 4131 1215 4212 trequentes.

372 4229 438 4294 Neu
460 4231 502 4294 ilii
526 4233 669 4298 tumetum
691 4243 752 4300 um
772 4237 930 4319 puiehrum
950 4241 1054 4321 ripere
1075 4239 1193 4312 eeudet,

373 4340 469 4416 Quem
490 4343 692 4408 idedieiuuum
707 4347 780 4411 sub·
792 4365 922 4430 pugnem
943 4351 1048 4431 pendit
1069 4352 1099 4414 iu
1121 4366 1220 4422 eures,
