3144 5164
768 418 903 468 tanturm
921 419 998 470 XXlX.

856 703 970 785 XXlX.

430 853 502 915 Cum
525 853 635 932 gemini
657 854 762 918 iratres
783 856 899 918 Latona
919 868 1012 919 matre
1034 858 1135 933 creati,

386 961 495 1042 Arietis
517 963 567 1026 hic
589 971 670 1042 tergo
692 964 815 1039 relatus,
839 965 982 1028 etaltera
1003 966 1102 1040 Libra,

385 1071 428 1134 ue
450 1072 552 1147 circlo,
575 1074 705 1136 medium
726 1075 871 1154 sphaerae
893 1077 944 1155 qui
966 1078 1105 1139 terminat
1126 1078 1239 1150 orbem,

386 1183 520 1246 Eileoere
543 1183 600 1245 sihi
623 1203 738 1257 aonam,
761 1203 830 1264 pars
853 1184 993 1264 quantula
1017 1187 1040 1247 it
1060 1187 1161 1260 horae,

353 1291 429 1352 eliu
451 1311 508 1372 qua
530 1294 609 1372 quod
631 1302 772 1373 puuctum
795 1315 885 1375 supra
908 1304 997 1376 eaput
1018 1295 1123 1369 adstat,
1147 1269 1306 1378 utrumque

384 1400 488 1464 Librat
510 1403 657 1482 utrimque
678 1421 782 1482 aeque,
805 1402 902 1467 donec
923 1404 1051 1485 quisque
1073 1406 1173 1468 exsilit
1193 1405 1255 1480 illo,

386 1512 571 1574 semiorbem
592 1520 719 1586 mumius,
742 1512 858 1587 cinetu3
880 1533 949 1593 pars
971 1514 1082 1576 tantilla
1103 1515 1188 1596 lapsa
1209 1525 1256 1578 est

305 1681 309 1690 ,
384 1621 493 1693 Horae,
516 1639 583 1682 cum
605 1621 697 1682 tacuit
717 1621 781 1683 risu
803 1624 916 1684 sullusa
937 1623 1079 1697 Buurnrx,

383 1730 553 1810 Inspiciene
574 1729 670 1792 oculis
691 1739 832 1794 contento
853 1732 965 1794 lumine
986 1741 1138 1812 reuinctum,

337 1840 409 1899 lttX
431 1858 490 1919 quo
512 1839 607 1902 rictus
628 1859 725 1916 eram3
746 1840 845 1903 verbis
867 1841 936 1904 (lein
958 1842 1066 1905 talibus
1088 1843 1170 1906 iulit:

383 1948 466 2023 Ilico,
491 1965 546 2010 neo
567 1949 669 2022 scitor,
693 1951 772 2031 quod
795 1969 879 2026 arem
903 1969 1030 2031 namque
1053 1952 1152 2014 omnia
1174 1953 1242 2030 ridi,

382 2059 591 2140 Prospectans,
615 2059 664 2121 ubi
687 2061 772 2122 adest
792 2059 876 2123 locus
899 2063 1006 2136 omnis,
1028 2069 1146 2142 tempus
1169 2071 1199 2124 et
1220 2081 1319 2126 omne.

382 2167 449 2230 Non
471 2176 513 2243 ut,
537 2169 616 2248 quod
638 2188 788 2250 uunquam
811 2171 876 2234 lieri
898 2191 954 2233 uos
976 2191 1068 2252 posse
1088 2171 1232 2244 ridemus,

382 2281 489 2342 Arctet
510 2298 600 2359 opem
623 2279 675 2342 sed
697 2289 739 2354 ut,
761 2300 779 2342 a
800 2288 881 2342 tanto
904 2282 983 2361 quod
1005 2282 1117 2344 lumine
1139 2281 1285 2362 splendet,

333 2389 496 2462 milicem,
519 2387 666 2462 Sucaelo,
688 2389 795 2470 possit,
819 2389 870 2470 qui
893 2410 1020 2470 semper,
1044 2399 1075 2453 et
1095 2391 1155 2453 ullo

381 2499 436 2560 Est
457 2498 523 2560 sine
544 2497 710 2579 principio:
733 2499 845 2562 idcirco
868 2509 949 2563 extra
970 2511 1087 2580 tempus
1110 2508 1140 2564 et
1161 2519 1280 2563 omnem

381 2609 521 2670 Normam
543 2607 630 2670 aliam
653 2610 781 2691 exempli
804 2609 896 2672 voluit
917 2629 950 2672 se
973 2609 1131 2674 ostendere
1153 2613 1290 2672 Amorem

379 2719 540 2780 Aeternum
561 2717 627 2797 ipse
649 2720 733 2781 novis
756 2720 967 2799 iuXmoribus
987 2720 1065 2783 ultro
1088 2721 1206 2782 creatis.

422 2827 492 2900 Nec,
516 2828 600 2907 quasi
621 2830 775 2908 torpuerit,
799 2830 882 2910 prius
905 2839 951 2892 est
967 2829 1100 2912 iacuisse
1122 2830 1290 2910 putandus;

329 2943 363 2996 20
379 2938 445 2999 Nou
467 2938 617 3017 processit
639 2937 718 3000 enim
740 2937 896 3018 prius'aut
916 2948 985 3020 post
1006 2941 1059 3002 has
1082 2959 1172 3020 super
1193 2939 1290 3001 undas

378 3049 455 3110 Aura
478 3045 543 3110 uei.
584 3046 737 3110 Exsiluere
759 3056 826 3110 actu
844 3049 975 3129 junctae,
998 3058 1087 3129 atque
1108 3068 1207 3111 merae
1228 3067 1277 3110 res

378 3159 486 3220 Forma
507 3176 542 3220 ac
564 3157 713 3234 materies,
734 3157 785 3220 ubi
809 3158 889 3221 nulla
911 3168 957 3221 cst
978 3159 1086 3222 menda
1110 3166 1237 3238 reperta,

377 3268 442 3330 Non
465 3285 553 3330 secus
576 3285 610 3328 ae
633 3266 742 3347 triplici
765 3287 800 3329 ex
822 3268 933 3329 chorda
955 3268 1011 3330 tria
1033 3268 1147 3349 spicula
1170 3268 1273 3330 missa.

377 3377 420 3438 Xc
439 3377 519 3439 velut
541 3376 571 3437 in
593 3377 679 3451 vitro,
703 3377 824 3452 electro,
846 3377 909 3440 sire
932 3377 962 3440 in
985 3379 1123 3458 crystallo

327 3492 360 3546 25
377 3486 428 3548 Sic
450 3487 551 3550 radius
573 3487 671 3561 micat,
694 3495 726 3548 ut
748 3487 800 3550 tibi
822 3487 966 3568 temporis
988 3488 1183 3576 intervalium,

377 3595 449 3658 Cum
471 3597 552 3658 veuit
573 3615 608 3658 ec
629 3597 718 3659 simul
739 3606 786 3660 est
807 3606 895 3673 totus,
919 3598 1095 3676 dignoscere
1118 3617 1177 3659 nou
1200 3598 1254 3659 sit:

376 3705 460 3768 llaud
483 3723 571 3768 secus
593 3707 727 3782 effeetus,
749 3707 794 3769 sic
816 3708 894 3786 llege
916 3707 1051 3789 jubente,
1074 3709 1218 3770 triformis

288 3868 292 3877 .
376 3815 511 3890 Quantus
533 3823 598 3878 erat
619 3815 706 3878 simul
730 3817 860 3891 emicuit,
883 3818 1055 3880 discrimine
1077 3819 1107 3880 in
1131 3824 1198 3878 ortu

374 3925 470 3997 Nullo,
490 3925 551 4005 jam
574 3933 664 3986 totus.
707 3926 807 3988 Rebus
830 3927 918 3989 simul
940 3928 1014 3990 ordo
1037 3936 1164 4001 creatus,

324 4037 628 4114 ae'Constructusque
649 4035 713 4108 luit,
737 4053 872 4116 quaeque
893 4045 960 4100 actu
984 4037 1121 4118 simplice
1143 4045 1282 4100 coustant

372 4147 407 4209 lu
429 4145 539 4207 mundo
560 4145 683 4218 termae,
705 4163 852 4207 summum
873 4156 995 4208 tenuere
1017 4165 1170 4220 cacumen,

372 4251 509 4334 Purariue
531 4253 575 4314 ris
597 4254 699 4324 imum,
722 4255 852 4317 medium
874 4265 941 4318 actu
963 4257 1097 4337 praedita
1121 4274 1217 4337 eoque

371 4363 487 4428 limine
508 4363 677 4438 constricta,
700 4373 733 4428 ut
754 4384 905 4446 uunquam
926 4383 980 4427 sua
1002 4365 1118 4428 vincula
1140 4369 1245 4428 soluat
