3144 5164
576 425 711 480 retrorsi
729 426 831 477 XXXIII.

141 659 189 712 tuo
206 643 269 719 IIIa,
291 651 373 706 tuam
395 661 470 723 quae
492 644 562 705 olim
585 643 685 718 movit,
709 661 775 705 cum
797 661 893 723 prona
914 644 1028 708 ruinam

205 755 333 835 Iemjam
354 751 528 832 spectabant
548 761 599 815 tua
620 753 731 815 lumIna
752 755 856 815 territa
877 763 1022 818 monstro.

250 864 310 926 Sed
332 863 401 944 quia
422 871 541 943 tempus
563 862 624 925 abit
645 864 752 936 somni,
774 863 825 926 hic
845 863 918 926 mihi
941 865 1071 946 denique
1093 867 1161 929 finis

206 974 346 1046 Haereat
365 980 486 1052 experto
508 981 541 1034 ut
563 973 668 1036 sartori
691 973 801 1036 ducere
824 981 905 1035 certo

206 1083 304 1146 Vestis
328 1101 413 1163 opos,
437 1083 507 1144 dnm
529 1083 699 1163 suppeditat
720 1083 777 1144 sibi
800 1083 885 1162 copia
908 1083 1010 1164 panni.

141 1203 189 1257 1³0
206 1194 302 1274 Atque
324 1192 418 1254 aciem
440 1192 476 1254 ad
499 1194 627 1273 primum
649 1210 706 1254 nos
728 1201 933 1255 convertemus
954 1194 1095 1257 Amorem

206 1303 267 1378 Sic,
289 1311 322 1364 ut
344 1301 514 1382 suspiciens
536 1301 628 1376 illum,
651 1310 686 1364 ut
706 1302 765 1364 tert
784 1309 882 1364 vestra
903 1303 1037 1377 facultas,

206 1413 320 1474 Lumen
343 1412 373 1473 in
396 1411 492 1491 ipsius
514 1418 665 1490 penetres.
709 1411 771 1473 Nec
794 1413 870 1473 iorte
892 1429 1025 1488 recuses,

206 1522 282 1585 Dum
303 1539 418 1603 pennas
440 1521 543 1600 agites,
565 1529 646 1582 ratus
667 1519 745 1582 nitra
765 1521 888 1582 tendere
911 1514 1010 1595 cursu,

207 1631 260 1694 Est
282 1649 367 1710 opus,
391 1639 424 1692 ut
445 1629 567 1692 studeas
588 1629 643 1691 tibi
667 1648 755 1710 opem
777 1631 937 1711 impetrare
958 1633 1120 1712 precando,

140 1749 189 1802 1³5
206 1741 364 1802 Exorando
385 1739 477 1814 iiiam,
500 1757 575 1820 qnae
593 1747 622 1802 te
644 1739 749 1801 virtute
768 1741 870 1820 iuvare

206 1851 300 1930 Larga
322 1857 429 1930 potest,
453 1856 483 1910 et
504 1849 594 1910 corde
615 1857 666 1910 tuo
689 1867 754 1910 mea
777 1848 855 1911 diota
878 1852 1013 1931 sequaris

206 1961 266 2034 Sic,
288 1968 489 2040 utnusquam
511 1957 601 2020 abeas
623 1958 732 2031 animo,
754 1957 823 2020 dum
848 1959 918 2022 talia
939 1977 1054 2040 pango;

204 2071 302 2151 Atque
323 2087 446 2150 precem
468 2069 546 2131 hanc
568 2077 700 2130 sanctam
722 2067 888 2131 diffundere
910 2077 1032 2148 pectore
1056 2047 1182 2150 coepit·

91 2373 95 2482 p
669 2329 816 2412 XXXIII.

249 2508 350 2588 Virgo,
373 2507 415 2569 tui
438 2507 527 2570 simui
548 2515 579 2570 et
599 2509 726 2587 genitrix
747 2516 777 2570 et
798 2507 859 2571 iiiia
882 2509 952 2583 nati,

208 2618 305 2681 Corde
326 2617 458 2692 humilis,
480 2615 568 2679 simui
591 2619 648 2680 alta
670 2637 764 2698 snper
785 2635 878 2695 genus
900 2637 988 2681 omne
1011 2630 1150 2694 creatum,

208 2727 333 2791 Consilii
355 2727 468 2790 aeterni
491 2735 572 2789 stans
593 2725 735 2790 termine!
759 2728 805 2789 Tu
827 2727 878 2790 iIIa
900 2727 992 2802 inisti,

206 2839 241 2900 In
265 2845 377 2900 tantmn
398 2845 533 2900 naturam
555 2837 711 2898 hominum
733 2855 810 2917 quae
830 2839 911 2900 vexit
930 2839 1086 2912 honorem,

173 2948 304 3030 diiujus
326 2957 359 3010 ut
381 2948 446 3028 Ipse
468 2947 569 3028 opifer
590 2965 651 3009 non
674 2947 851 3026 dedignatus
874 2948 910 3010 ab
930 2951 996 3030 ipsa

206 3058 282 3120 Esse
305 3077 381 3139 opus
404 3057 544 3119 interris
567 3057 665 3120 inerit.
708 3057 758 3120 Vis
781 3059 855 3120 arsit
876 3061 986 3120 amoris

206 3169 344 3230 Ventrem
367 3169 502 3245 ingressa
525 3175 616 3240 tuum,
640 3167 726 3247 cujus
748 3167 831 3228 caior
852 3168 946 3230 edidit
966 3169 1055 3250 hujus

206 3277 305 3340 Floris
327 3277 358 3338 in
380 3285 500 3340 aeterna
522 3293 643 3355 germen
665 3275 801 3337 mirabile
822 3295 907 3356 pace.

208 3388 251 3449 Tu
275 3387 364 3448 nobis
386 3386 476 3449 isthic
498 3383 589 3447 medii
611 3403 667 3466 pro
689 3384 756 3447 lnce
779 3386 838 3448 diei

159 3505 191 3559 1⁰
206 3498 268 3560 Fax
289 3505 409 3560 sanctae
432 3515 465 3558 es
486 3497 630 3569 dammae,
653 3497 795 3558 deorsum
815 3497 991 3559 mortalibus
1014 3501 1111 3576 aegris

208 3609 285 3690 Spes
308 3609 389 3692 ipnte
412 3625 448 3668 ex
469 3607 544 3668 vivo.
588 3605 641 3667 Sic
661 3607 744 3684 virgo
767 3625 800 3668 es
820 3623 927 3684 magna
948 3615 1125 3689 potensque,

206 3718 252 3792 Ut,
276 3717 325 3797 qui
349 3725 416 3795 eget
436 3716 546 3790 auxilii,
569 3716 600 3777 In
622 3715 712 3778 rebus
734 3733 790 3778 nec
813 3717 947 3794 confugit
969 3719 1058 3780 aretis

205 3827 250 3890 dd
272 3835 311 3900 te,
334 3827 413 3888 idem
435 3825 501 3907 ipse
521 3826 592 3888 velit
614 3845 667 3888 sua
687 3834 755 3889 rota
776 3828 876 3889 volare
898 3828 965 3890 sine
987 3827 1053 3890 alis.

205 3938 271 4000 Non
294 3937 383 3998 modo
405 3937 541 4017 poscenti
564 3936 703 3998 auxilium
726 3945 774 3998 tua
796 3955 866 4000 cura
887 3937 1015 4017 benigna

158 4051 189 4106 15
206 4047 369 4122 Succurrit,
392 4047 445 4109 sed
469 4065 558 4127 saepe
580 4065 686 4128 preces
707 4047 793 4127 prior
814 4057 943 4130 occupat
963 4049 1051 4111 uitro.
1117 4057 1125 4066 '

205 4157 240 4220 In
263 4165 292 4220 te
314 4175 367 4220 cor
387 4157 545 4231 miserans,
569 4155 599 4219 in
622 4165 651 4219 te
672 4158 740 4238 pius
762 4159 861 4232 ardor,
884 4167 914 4220 et
935 4159 1032 4238 ample

205 4268 394 4347 Magnificum
415 4267 566 4346 Ingenium
589 4267 748 4341 concurrit,
772 4278 803 4330 et
823 4287 881 4329 una
899 4277 1038 4358 peceptas

90 4454 93 4472 ,
207 4378 360 4459 Quidquid
384 4376 494 4458 uquue
515 4377 587 4439 boni
609 4384 657 4438 est
678 4376 709 4437 in
730 4394 764 4438 re
786 4396 963 4457 quacunque
985 4387 1091 4441 creata.

433 4577 588 4586 --.---—-
594 4577 660 4584 -.--..
668 4579 696 4585 .-
706 4575 902 4586 *αι-Ἀμω-
911 4578 1236 4590 ..·----.......·.-··---—-..
