3224 5166
337 383 394 448 too
782 383 962 435 rouunrouu
981 383 1017 432 u.
1497 404 1500 435 ,
1574 412 1579 421 .

399 603 498 684 Usque
520 611 598 664 artes
620 602 719 682 poscit
740 601 860 663 solertis
882 587 1019 662 o'cumiue
1042 600 1162 672 mentio,

398 713 436 774 Et
457 713 569 773 tunium
592 719 762 772 otrentum
784 709 915 786 ingenite
936 709 1043 770 virtute
1065 719 1189 788 repente

399 822 497 883 Movit.
521 853 563 885 .-
583 820 639 882 Ubi
662 829 708 882 est
729 820 873 882 exotiuctn
896 818 978 889 dieu,
1002 817 1128 894 caligine
1149 816 1256 880 vetlem

208 957 213 966 ·
334 932 422 992 lton
444 931 531 992 Proto
553 929 659 1008 idegno
681 929 711 990 in
734 927 1000 990 coetum.subiitue
1022 927 1162 989 minantis

398 1040 506 1100 Montio
529 1039 565 1100 nd
588 1057 684 1117 usque
702 1038 808 1117 jugum
828 1037 908 1098 texit
953 1036 1027 1098 Dein
1049 1035 1180 1115 desuper
1201 1039 1334 1099 aethram

398 1148 576 1218 Admonuit,
600 1149 758 1226 scotusque
780 1146 812 1207 in
834 1165 941 1226 equum
963 1145 1216 1208 dissolviturndr.

381 1254 383 1264 '
441 1256 639 1334 Praecipitant
659 1255 787 1328 imbros,
811 1265 840 1317 et
862 1273 938 1334 quos
955 1254 1016 1334 jorn
1038 1263 1118 1316 terro
1139 1255 1282 1337 nequibat

399 1367 558 1444 Accipere,
581 1366 610 1426 iu
635 1367 733 1446 [osone
755 1365 822 1426 tulit
843 1365 984 1444 impetus,
1007 1371 1099 1444 utque
1121 1364 1240 1428 duentie

335 1486 383 1538 125
400 1475 464 1536 iios
486 1473 565 1535 solet
586 1491 654 1536 esee
676 1473 802 1553 amplis,
822 1474 918 1536 undae
940 1481 1055 1535 unxere
1077 1473 1192 1536 ruinam

401 1585 474 1646 Tam
496 1583 599 1662 rapide
622 1583 653 1644 in
674 1583 786 1644 flumen
807 1584 921 1661 regaie,
945 1590 977 1644 ut
999 1581 1078 1644 nullu
1099 1582 1210 1672 voleret

400 1693 451 1754 Vis
473 1691 633 1771 prohibero
646 1691 774 1757 nuum.
818 1692 885 1755 bico
903 1693 1014 1769 trigone
1034 1691 1166 1754 membro
1188 1691 1284 1756 eoiute

399 1801 537 1864 indomiti
559 1800 697 1864 Archieni
718 1802 802 1864 turor
821 1801 917 1864 aufert
938 1801 1093 1879 improbus
1114 1800 1207 1880 inque

400 1913 511 1974 Arnum
533 1909 677 1991 conjecit,
700 1910 846 1989 solvitque
868 1929 885 1972 a
906 1918 1027 1989 pectore
1049 1927 1163 1982 nexem,

337 2037 385 2089 ino
402 2022 497 2095 Quom
518 2021 623 2090 fecero*
640 2036 760 2082 crucem
779 2019 854 2080 mibi
875 2018 1011 2092 brachia,
1035 2037 1102 2080 cum
1123 2018 1210 2082 dolor
1231 2021 1337 2098 iugem

401 2131 448 2192 ite
469 2129 538 2191 vion
558 2128 717 2200 domitum,
740 2136 769 2190 et
789 2145 844 2207 per
865 2127 945 2206 ripas
967 2126 1056 2190 voluit
1078 2136 1108 2190 et
1127 2129 1221 2192 imum

401 2240 460 2301 Per
482 2238 620 2312 tundum3
643 2237 749 2300 deinde
770 2237 836 2316 ipse
858 2255 912 2300 ouo
934 2237 1064 2298 cinctum
1085 2245 1175 2317 utque
1195 2239 1359 2302 revinctum

402 2347 536 2410 Advolrit
556 2347 675 2427 pracda.
719 2346 877 2425 Opetrieo
899 2363 968 2407 cum
988 2363 1093 2408 rursus
1115 2348 1198 2410 edire

402 2459 458 2521 ras
481 2457 534 2518 tibi
556 2456 612 2519 erit
632 2464 745 2526 terroe,
767 2455 943 2534 dabiturque
966 2455 1121 2535 quiescere
1142 2456 1232 2536 iongo

337 2570 426 2634 lton
448 2585 537 2628 cursu
559 2557 655 2644 etque
668 2563 770 2626 labore
792 2564 855 2628 viee
877 2549 934 2639 (sic
955 2564 1014 2627 tate
1035 2565 1197 2629 secundm

403 2676 502 2738 Tertia
524 2683 594 2754 poet
615 2673 743 2736 enimam
764 2678 839 2758 est),
862 2674 941 2736 bend
964 2674 1144 2736 obliviscere
1163 2675 1276 2738 nostrii

277 2804 279 2813 ·
403 2785 476 2847 Sum
498 2784 566 2856 Pru,
589 2783 859 2859 mesenensem
882 2784 1069 2863 confecitque
1090 2783 1259 2858 noemma,

403 2893 525 2972 Scitque
545 2890 705 2964 beneditio,
727 2892 811 2971 prius
832 2893 904 2954 mibi
926 2893 978 2974 qui
1000 2894 1123 2956 doutrut
1143 2893 1255 2956 hebere

403 3001 574 3074 tunellum,
596 3001 769 3082 eodemque
789 3001 848 3064 tori
868 3020 1051 3082 uxoremque
1070 3012 1199 3066 noceret

905 3261 961 3344 tt.

445 3437 563 3500 Ludere
584 3436 635 3499 ubi
657 3438 724 3500 telin
746 3446 895 3501 cessatum
916 3448 977 3512 est,
999 3440 1091 3502 corde
1112 3441 1238 3504 dolenti.

404 3549 468 3611 Stat
488 3547 583 3614 rictus,
604 3546 772 3626 repetitque
792 3549 887 3620 vices,
909 3567 944 3612 oc
966 3549 1093 3630 denique
1115 3551 1212 3613 tristio

403 3656 508 3718 Discit.
553 3656 700 3718 Victorem
721 3657 856 3735 sequitur
877 3675 951 3736 gene
972 3667 1048 3733 tote,
1071 3660 1225 3740 praeitque

405 3764 503 3835 Unus,
525 3783 653 3843 eumque
674 3765 749 3828 nitor
769 3766 889 3844 prendit
908 3776 979 3846 poet
998 3775 1126 3847 tergum·
1139 3771 1163 3832 it
1182 3769 1256 3832 atter

372 3873 449 3937 trid
470 3873 548 3936 lubre
569 3880 657 3953 etque
674 3874 763 3955 jubet
782 3876 963 3938 meminisse.
1007 3876 1092 3940 titud
1114 3877 1165 3940 iiio
1186 3879 1309 3942 remittit

407 3982 465 4057 tre,
489 3991 518 4044 nt
538 4000 618 4044 nunc
639 3999 727 4046 eures
749 3985 814 4058 isti,
836 4003 916 4048 nunc
936 3987 1073 4050 admovet
1094 3987 1145 4060 iili,

406 4092 518 4171 Cuique
540 4109 660 4154 menum
681 4093 793 4172 porgit,
816 4113 903 4157 mens
922 4096 1091 4176 impormun
1112 4097 1225 4160 recedit

405 4201 537 4264 instandi
558 4200 700 4276 ultorium
722 4212 854 4266 removet
874 4204 919 4268 ein
939 4205 1006 4284 ipro
1027 4215 1203 4286 sequentem

406 4309 545 4373 Turbam.
589 4309 661 4379 Non.
676 4328 765 4376 necue
786 4313 845 4375 boc
865 4313 1013 4378 versabor
1025 4314 1058 4376 in
1077 4315 1196 4393 agmine
1215 4314 1306 4395 nitigi,
