3224 5166
166 410 168 416 ’
332 401 389 464 teu
777 399 1012 452 susceperuut.
1586 424 1589 498 4

394 620 493 700 Usque
515 627 594 681 ertes
615 619 714 698 poscit
735 619 855 680 solertis
877 605 1015 680 acumine
1037 617 1158 690 meede,

393 730 431 790 Et
453 729 563 790 luorum
587 737 618 790 et
638 737 757 790 ventum
779 727 909 803 ingenite
932 727 1038 788 virtute
1060 735 1185 804 repente
1215 773 1218 780 .

394 839 492 900 Movit.
516 871 558 903 ,-
578 837 634 899 Uhi
657 847 702 900 est
724 837 868 900 exstincto
891 835 973 906 dies,
997 835 1123 911 caligine
1144 834 1251 898 vellem

203 973 208 984 ·
329 949 417 1008 illul
438 948 526 1008 Proto
548 947 654 1025 blegne
676 947 706 1007 iu
729 944 995 1008 coelumsublime
1016 945 1158 1006 minentis

393 1057 501 1118 bloutis
524 1055 560 1116 ed
584 1075 679 1134 usque
697 1054 802 1134 jugum
823 1055 903 1116 texit.
948 1053 1022 1115 [lein
1043 1053 1175 1134 desuper
1196 1056 1329 1118 aethrem

394 1165 571 1236 Admonuit,
596 1166 752 1242 loetusque
774 1163 806 1224 ie
829 1181 936 1243 equum
958 1163 1131 1225 dissolvitur
1151 1170 1212 1224 eer.

376 1270 379 1280 '
436 1273 634 1351 Praecipitant
655 1273 782 1346 imbres,
805 1281 835 1334 et
857 1291 933 1353 quos
950 1272 1011 1353 jem
1033 1280 1113 1334 terre
1134 1271 1277 1354 nequibit

394 1383 553 1462 Accipere,
575 1383 606 1444 in
629 1383 728 1464 lessus
750 1383 816 1443 tvdit
838 1383 979 1461 impetus,
1003 1390 1094 1461 utque
1116 1382 1235 1444 fluentis

330 1503 377 1555 125
395 1492 459 1553 bles
482 1490 561 1552 solet
581 1509 649 1553 esse
671 1490 796 1570 emplis,
817 1491 913 1554 uudee
935 1499 1050 1553 uexere
1071 1491 1187 1554 ruinam

396 1601 468 1664 Tem
490 1599 594 1680 rapide
616 1600 647 1660 iu
669 1601 780 1662 llumeo
802 1601 915 1678 requie,
940 1599 1073 1662 utnulla
1094 1599 1206 1690 relevet

396 1710 446 1770 llis
467 1708 627 1788 prohibere
642 1709 769 1774 melum
812 1709 876 1772 bles
898 1709 1008 1786 lrigore
1029 1708 1161 1772 membre
1183 1709 1280 1774 soluts

394 1819 532 1881 lndomiti
554 1817 692 1880 brebisui
713 1819 797 1880 lurer
816 1819 912 1880 aufert
933 1817 1088 1897 improbus
1108 1818 1201 1897 inque

394 1930 506 1991 Arnum
528 1927 672 2009 conjecit,
695 1927 841 2006 solvitque
862 1947 880 1990 e
900 1936 1022 2006 pedore
1044 1945 1158 2000 neum,

332 2053 379 2106 rso
396 2039 492 2112 Quom
513 2038 618 2106 iecere¹
634 2053 754 2098 crucem
773 2036 849 2098 mihi
870 2035 1006 2110 brechio,
1029 2055 1097 2098 eum
1118 2035 1205 2098 dolor
1226 2039 1332 2115 ingens

395 2147 442 2210 lle
463 2147 532 2208 vicit
553 2145 712 2216 domitum,
735 2153 764 2207 et
784 2163 838 2225 per
860 2145 940 2224 ripas
961 2144 1051 2208 volvit
1073 2154 1103 2208 et
1122 2146 1216 2210 imum

396 2257 455 2318 Per
476 2255 615 2328 sonuum
637 2253 744 2316 deiude
765 2255 831 2334 ipse
852 2273 907 2316 suo
929 2255 1059 2316 cinctum
1080 2263 1169 2335 etque
1190 2258 1354 2320 revinctum

397 2365 531 2427 Advolvit
551 2364 669 2444 proedo.
714 2364 738 2425 0
761 2363 871 2442 patrios
893 2381 963 2426 oum
982 2382 1088 2426 mrsus
1110 2366 1193 2428 edire

397 2475 453 2539 Fes
475 2474 529 2536 tibi
550 2473 739 2544 criticum,
761 2471 938 2552 dabiturque
960 2473 1116 2553 quiescere
1137 2475 1226 2552 longo

332 2586 420 2652 ised
442 2601 531 2645 cursu
554 2591 641 2661 etque
662 2581 765 2644 lebore
786 2582 850 2646 viee
871 2567 929 2656 (sie
950 2582 1008 2644 late
1030 2584 1192 2647 secundem

397 2692 497 2755 Tertia
518 2699 589 2771 post
609 2691 737 2754 animem
759 2695 834 2768 est),
856 2691 936 2754 beud
959 2691 1138 2754 obliviscere
1157 2693 1270 2756 nostrii

398 2801 470 2864 Sum
492 2800 561 2873 Pu,
583 2800 853 2876 mouendosque
876 2801 1064 2881 couieritque
1084 2801 1253 2876 lleremrue,

397 2910 520 2989 Scitque
539 2909 615 2972 boec
634 2907 699 2980 ille,
721 2909 806 2988 prius
826 2910 898 2972 mihi
921 2911 972 2991 qui
994 2911 1118 2974 donaret
1138 2911 1249 2974 bebere

398 3017 569 3091 lunellum,
590 3017 763 3098 sociumque
784 3018 842 3082 tori
863 3039 1045 3099 uxoremque
1065 3030 1194 3084 vocaret

900 3279 954 3362 ll.

439 3454 557 3518 Ludere
578 3454 629 3515 ubi
652 3454 718 3518 telis
740 3463 889 3518 cessetum
910 3465 970 3530 est,
994 3459 1085 3520 corde
1106 3457 1231 3522 dolenti.

399 3565 463 3629 Stet
483 3565 577 3626 vietus
599 3564 765 3642 repetitque
785 3566 881 3638 vices,
903 3583 939 3630 oo
960 3567 1088 3646 denique
1110 3569 1206 3630 trist'm

399 3673 502 3735 Discit.
547 3672 694 3734 Victorem
715 3675 850 3753 sequitur
871 3693 944 3754 geue
967 3684 1043 3752 tote,
1065 3677 1219 3758 proeitque

399 3782 497 3852 Unus,
519 3799 647 3860 eumque
668 3781 743 3846 ulter
763 3784 883 3862 prendit
902 3794 973 3864 pest
992 3794 1121 3866 terque·
1133 3789 1157 3850 it
1176 3788 1250 3850 ulter

366 3890 444 3954 edd
464 3889 542 3953 lutus
563 3897 651 3971 etque
669 3892 757 3973 jubet
776 3893 958 3956 meminisse.
1001 3895 1086 3959 lleud
1108 3895 1159 3958 ille
1180 3897 1303 3960 remittit

401 4000 460 4073 ire,
483 4008 512 4063 et
533 4017 612 4062 nunc
633 4017 721 4062 eures
743 4002 808 4076 isti,
830 4021 910 4066 nuuc
931 4005 1067 4068 admovet
1087 4005 1139 4078 illi,

400 4109 513 4188 Cuique
535 4127 654 4172 monum
675 4111 787 4190 porgit,
810 4131 897 4176 meus
916 4114 1085 4194 importum
1106 4115 1219 4178 recedit

401 4218 530 4281 lustondi
551 4218 694 4292 ultorium
715 4229 847 4282 removet
868 4222 912 4286 sic
933 4223 999 4304 ipse
1021 4233 1196 4305 sequemem

400 4327 538 4390 Turbam.
582 4327 759 4392 Nonsecus
780 4329 840 4394 boe
859 4331 1051 4398 vernolium
1072 4334 1190 4412 spurium
1209 4333 1299 4413 vulgi,
