3144 5164
250 334 291 492 f
305 385 368 450 322
765 384 899 436 retrorsi
918 384 973 436 xiv.
1487 440 1489 473 A

414 825 457 887 Ex
479 823 551 888 orbe
573 825 610 886 ed
633 831 775 895 centrum,
799 831 888 904 atque
910 841 945 883 ex
968 829 1071 883 ceulm
1093 821 1188 882 fertur
1208 822 1244 882 ad
1267 821 1373 884 orbem

372 935 448 998 llere
471 929 548 998 cavo
564 934 710 1013 teretique
732 933 866 995 inclusae
886 943 985 994 motus
1007 931 1104 1011 aquai,

373 1045 441 1106 Sive
463 1044 541 1106 hanc
563 1043 696 1116 interior,
720 1061 773 1106 seu
796 1059 901 1106 caussa
925 1043 1048 1104 extraria
1071 1041 1180 1120 pulset.

416 1153 506 1226 llaec,
529 1171 584 1232 ego
607 1171 695 1232 quam
718 1152 796 1226 dico,
819 1151 919 1214 subito
942 1151 1014 1213 mihi
1035 1151 1117 1214 venit
1137 1151 1246 1228 imago,

340 1263 445 1324 tPost
466 1261 517 1324 ubi
536 1263 600 1344 jam
624 1263 749 1324 Teouas
773 1263 862 1324 linem
884 1261 968 1324 dedit
988 1280 1041 1323 ore
1063 1261 1216 1341 loquendi,

374 1373 420 1435 0b
443 1373 569 1434 similem
593 1389 705 1445 casum,
729 1389 796 1434 cum
819 1371 871 1432 lati
893 1371 971 1434 dicta
993 1371 1126 1432 lisarmx

374 1482 497 1562 Excepit
519 1481 616 1554 dictis,
640 1481 687 1544 cui
709 1482 806 1542 risum
827 1481 902 1543 haee
923 1482 1012 1544 edere
1034 1497 1107 1542 rece
1128 1488 1176 1540 est

375 1592 447 1653 Post
468 1590 566 1652 illum:
590 1591 666 1654 lluic
687 1608 764 1671 opus
786 1599 841 1662 est
865 1591 945 1670 quod
968 1609 1029 1653 non
1052 1590 1119 1671 ipse
1140 1589 1253 1652 indicat
1274 1607 1337 1662 ore,

374 1701 436 1763 Nec
457 1719 549 1762 sensu
571 1701 688 1762 interno
709 1709 865 1771 monstret,
888 1717 1070 1779 cognoscere
1091 1700 1154 1761 reri

327 1812 359 1865 1⁰
375 1810 515 1872 Radicem
537 1809 656 1888 reliqui.
698 1810 767 1882 Fac,
790 1827 845 1888 per
867 1817 896 1871 te
918 1809 1035 1872 discere
1056 1809 1163 1890 possit,

375 1919 451 1982 lium
473 1919 532 1992 lux,
555 1927 675 1981 naturae
698 1937 775 1998 quae
797 1919 846 1981 det
867 1920 1028 1982 llorescere
1049 1927 1174 1991 restrae,

377 2029 480 2102 Qualis
501 2046 582 2091 nuuc
604 2028 704 2108 lulget,
728 2029 882 2092 vobiscum
904 2037 1021 2108 tempus
1042 2029 1073 2090 in
1095 2045 1184 2090 omne

376 2137 423 2200 Sit
443 2156 582 2200 mansura
603 2157 713 2219 aequm
736 2137 844 2219 quodsi
866 2145 913 2199 est
934 2155 1082 2210 mansura,
1105 2137 1239 2211 docebis,

378 2247 448 2322 otu,
471 2256 631 2328 postquam
653 2256 790 2310 renovata
814 2246 925 2310 dabunt
945 2265 999 2308 ros
1020 2245 1152 2309 membre
1176 2247 1331 2322 ridendos,

328 2359 360 2412 lt
376 2357 449 2431 Fiat,
472 2367 504 2419 ut
525 2358 604 2420 haud
627 2357 735 2430 obstet,
759 2374 819 2436 quo
840 2375 894 2418 ros
915 2356 1014 2419 minue
1036 2357 1092 2419 ista
1113 2357 1243 2419 vicissim

375 2468 479 2529 Vestra
502 2467 685 2547 inspectetis.
707 2499 750 2512 -
771 2467 867 2529 Veluti
889 2466 1098 2546 superantibus
1120 2475 1204 2529 actus

378 2577 522 2640 Laetitiae
545 2577 681 2650 stimulis,
705 2577 832 2638 choreae
855 2575 906 2656 qui
928 2577 1065 2640 circumit
1086 2577 1199 2650 orbem,

378 2683 493 2747 Gaudet
514 2694 544 2748 et
564 2687 708 2750 exhilarat
729 2695 845 2765 gestos:
868 2685 913 2748 sic
935 2694 1037 2748 musta
1059 2705 1170 2750 corona

376 2795 505 2874 Utraque
527 2813 601 2856 voce
623 2796 672 2874 pia
694 2795 853 2875 subitaque
874 2795 973 2857 illecta
995 2796 1140 2875 rogantis,

327 2908 362 2963 2⁰
378 2903 458 2967 Orbe
479 2916 572 2976 rotae,
595 2903 739 2983 mirisque
760 2905 859 2967 modis
881 2924 958 2967 nova
980 2905 1086 2985 gaudia
1107 2905 1222 2986 pandit.

420 3013 478 3088 Qui
502 3014 645 3093 queritur,
668 3025 749 3076 certa
771 3031 828 3075 nos
849 3014 901 3076 hic
921 3015 952 3077 in
973 3023 1070 3077 morte
1092 3016 1196 3089 teneri,

377 3125 470 3199 Queis
492 3125 579 3186 datur
600 3124 631 3186 iu
652 3124 738 3186 coelo
760 3124 818 3186 vita
842 3124 970 3203 gaudere
992 3125 1134 3196 secunda,

375 3235 441 3296 Non
464 3234 545 3296 videt
566 3243 705 3296 aeternae
727 3233 846 3314 pluviae
866 3232 928 3296 lroc
947 3235 1003 3297 sub
1026 3235 1090 3296 sole
1112 3234 1257 3297 levamen.

376 3344 428 3406 llle
451 3363 538 3417 unus,
560 3344 659 3416 binus,
681 3344 787 3415 trinus,
811 3341 862 3423 qui
884 3345 1005 3406 nesciae
1027 3351 1121 3417 ortus,
1266 3326 1272 3340 ⁸

326 3467 360 3522 25
376 3454 442 3516 Non
465 3453 727 3533 circumscriptus,
750 3463 849 3516 tamen
871 3453 971 3515 omnia
993 3453 1242 3517 cirmmsertlens

376 3563 464 3636 Vivit,
485 3573 515 3624 et
536 3573 690 3626 aeternum
711 3563 867 3643 trinusque
889 3573 919 3626 et
940 3563 1030 3626 binus
1051 3573 1081 3625 et
1103 3583 1179 3626 unus

376 3673 499 3752 Regnat,
520 3705 562 3718 -—
582 3682 630 3736 ter
651 3673 796 3754 cujusque
816 3671 933 3734 animae
955 3682 1111 3736 resonaret
1130 3675 1162 3735 in
1185 3693 1237 3736 ore

377 3783 450 3844 Tam
472 3782 568 3855 dulce,
590 3792 624 3844 ut
641 3783 724 3863 iusta
745 3781 882 3844 mercede
905 3783 1070 3862 rependere
1092 3792 1197 3862 posset

377 3892 473 3955 Omne
495 3909 588 3970 genus
610 3892 719 3954 meriti.
741 3925 779 3938 -
804 3891 879 3952 'lum
902 3891 1000 3953 audivi
1023 3892 1054 3953 in
1077 3892 1144 3954 luce
1163 3893 1290 3954 minoris

327 4011 362 4064 tto
378 4001 558 4065 Candidiore
580 4009 663 4062 rotae
684 4019 788 4063 rocem
810 4017 949 4064 sermone
970 4002 1148 4076 modestam,

379 4110 484 4188 Qualis
504 4112 582 4173 lorte
603 4110 661 4172 luit
682 4109 832 4172 Gaenreur
854 4113 963 4174 atlante
983 4113 1115 4186 Mariam,

378 4223 461 4297 Quae
484 4220 528 4282 sic
550 4219 720 4300 respondit:
745 4221 840 4293 Quam
863 4221 1001 4284 duratura
1023 4222 1102 4286 heau
1124 4231 1171 4284 est

377 4331 464 4396 Festa
487 4330 551 4392 dies
574 4329 667 4409 regni,
691 4339 750 4392 tom
772 4331 868 4392 nostri
891 4330 988 4394 vivida
1009 4331 1121 4394 amoris

1481 4510 1484 4521 Ι
