3136 5164
558 407 738 464 udaeatotut
756 413 835 464 nata.

93 432 96 501 1

92 536 95 610 l

92 626 94 693 2
199 629 314 692 Rursus
337 637 371 692 ut
389 629 472 692 ane
492 629 566 692 mihi
588 629 627 690 eit
647 630 733 710 plaga
755 631 870 694 reddita
889 631 975 694 ineis.

91 708 94 821 1
240 739 305 802 Nee
325 739 451 802 multum
472 757 652 820 progressus
674 759 764 814 eram,
787 759 855 804 eum
876 740 951 803 haee
972 740 1081 804 arbitra
1103 743 1198 804 nesui

91 825 94 887 1
199 847 244 910 ad
265 867 315 912 me
336 848 442 910 ocules
462 848 565 910 vertite
588 849 700 920 Frater,
722 867 803 912 nune
823 849 947 930 adspice
969 858 999 912 et
1019 853 1096 924 audi,

91 918 94 1003 1
198 958 309 1038 Inserit,
332 958 536 1020 0100000110
558 973 738 1038 percurrens
760 960 862 1022 emnia
882 959 1027 1040 splendor

153 1077 182 1131 te
198 1067 234 1130 in
256 1067 330 1130 silva
350 1066 464 1145 ingenti
486 1067 590 1142 illuxit,
612 1075 645 1129 ut
664 1075 763 1132 mente
784 1084 937 1132 manerem

197 1176 352 1256 amima,
374 1195 412 1238 an
433 1177 534 1255 fulgur
553 1177 638 1240 00010
659 1177 790 1240 vibraret
809 1178 850 1242 an
868 1178 936 1241 0110.

199 1285 261 1349 Sed
283 1287 424 1367 queniam
446 1287 544 1366 fulgur
564 1286 664 1350 subite
685 1277 821 1367 pervadit
841 1287 970 1368 abitque,

198 1395 290 1476 isque
312 1395 363 1458 diu
384 1395 495 1458 durans
517 1397 613 1476 magis
634 1403 665 1458 et
684 1397 779 1475 magis
801 1397 871 1475 igne
892 1397 1033 1460 minabat:

90 1474 93 1625 1
200 1505 351 1579 Quidnam
372 1502 458 1568 hee?
478 1505 614 1569 1110010010
636 1522 760 1568 versans
781 1507 838 1568 sub
859 1516 982 1587 pestere
1003 1507 1105 1570 melta.

90 1646 92 1655 ι
150 1626 183 1678 aa
199 1615 317 1696 Perque
340 1623 545 1677 eoruscantem
569 1623 682 1694 gratum
704 1616 800 1678 meles
822 1623 891 1678 adra
910 1617 993 1683 iuadi

89 1658 93 1807 1
199 1725 367 1788 Audieram.
412 1724 512 1798 Quare
533 1732 655 1788 sanetae
676 1725 744 1788 tulit
764 1726 893 1807 impetus
914 1727 977 1788 irae

89 1810 92 1850 ¹
198 1835 301 1897 Audax
322 1853 370 1896 me
391 1835 509 1897 1001000
531 1835 645 1914 primae
666 1835 804 1898 incusare
826 1837 967 1916 parentis.

197 1943 333 2024 Namque
353 1943 406 2006 ubi
427 1943 572 2024 parebant
592 1943 682 2006 telius
703 1944 879 2024 coelumque
900 1946 1092 2025 profundum,

88 2032 91 2123 1
197 2053 322 2116 Femina
344 2053 417 2125 sela,
440 2053 530 2118 mede
552 2053 656 2116 vitales
677 2053 756 2116 edita
777 2055 809 2116 in
830 2071 928 2127 maras,

89 2152 91 2229 1
149 2163 284 2232 andland
307 2181 463 2226 remanere
484 2163 535 2226 diu
556 2162 701 2226 velamine
721 2181 811 2244 passa
832 2162 888 2226 sub
910 2163 970 2226 0110
993 2172 1048 2238 ast,

88 2240 91 2347 1
200 2273 263 2336 Sub
286 2291 345 2353 qun
367 2281 446 2334 stare
468 2272 518 2353 pia
540 2281 628 2352 atque
650 2291 746 2353 aequa
767 2273 794 2334 si
815 2280 915 2336 mente
938 2272 1065 2346 tulisset,
1156 2268 1158 2272 ’

88 2357 91 2460 1
199 2383 340 2461 1110000,
363 2401 439 2464 qnae
461 2383 551 2445 tande
573 2382 653 2444 nulia
674 2391 781 2463 aequat
802 2382 908 2461 gaudia
930 2381 1039 2460 lingua,

199 2493 293 2556 110110
315 2502 383 2554 0010
405 2493 571 2555 hausissem
593 2493 763 2572 optatisque
784 2491 897 2554 diutius
919 2511 1017 2554 essem

199 2603 343 2666 Functus.
364 2633 406 2648 -
426 2603 464 2664 dt
483 2609 623 2664 aeternae
644 2600 715 2664 dnm
738 2609 782 2664 tet
801 2601 967 2666 dedendinis
989 2602 1067 2664 ibam

152 2713 283 2778 0010100
302 2711 450 2794 primitias
472 2712 572 2774 anime
592 2729 759 2792 suspensus
781 2720 812 2773 et
832 2711 970 2783 haerens,
1062 2741 1068 2756 ·

199 2825 423 2904 Proptereaque
445 2821 540 2900 magis
561 2821 702 2900 perinndi
724 2829 829 2900 pentus
851 2821 971 2884 avebam

200 2933 336 3006 Laetitia,
358 2941 427 2993 ante
449 2931 554 2992 nentes
575 2935 635 3002 adr,
657 2929 736 2992 velut
756 2931 852 2994 exeita
873 2931 1002 3004 damma,

201 3043 265 3106 Sub
286 3041 372 3104 viridi
393 3041 496 3104 minuit
516 3058 667 3102 ramerum
689 3041 827 3118 tegmine
851 3051 881 3104 et
901 3061 972 3104 aure

201 3153 291 3216 Teste
314 3169 421 3214 sonum
443 3150 559 3212 dednem
581 3169 637 3212 eeu
661 3158 778 3213 ean-tum
799 3151 903 3214 audire
924 3151 1055 3217 videbar.

150 3271 184 3326 ³5
243 3262 375 3324 Aonides
395 3269 503 3352 enatae,
527 3259 554 3322 si
575 3260 729 3322 insomnes
750 3260 860 3323 dueere
882 3269 986 3324 nectes

85 3412 88 3519 1
200 3373 337 3452 Unquam
360 3370 487 3432 sustinui
508 3388 563 3450 per
583 3387 637 3432 nes
659 3377 690 3432 et
709 3369 820 3446 trigona
844 3380 874 3432 et
895 3389 1013 3450 asprum

199 3481 347 3553 Eandem,
369 3497 418 3542 me
440 3497 508 3542 aera
529 3487 631 3542 menet
650 3498 704 3542 ves
727 3497 831 3542 caussa
853 3480 990 3546 venandi.

85 3530 88 3719 1
199 3591 257 3654 1110
278 3610 365 3671 epus,
387 3599 420 3652 ut
440 3590 510 3652 totis
532 3589 657 3652 Helicen
678 3589 711 3651 in
731 3609 780 3652 me
801 3590 905 3653 induat
925 3591 1023 3666 undis,

199 3706 297 3781 Atque
319 3699 422 3762 011010
436 3701 541 3762 Uranie
563 3699 614 3762 det
633 3717 723 3778 opem
746 3701 853 3780 stipata
875 3719 1021 3774 sororum,

149 3819 183 3871 10
200 3811 354 3874 includam
375 3811 563 3872 nt'eumeris
582 3809 736 3872 meditanti
757 3811 884 3873 maxima
904 3829 1015 3874 rernm.

243 3921 371 3984 Ulterius
393 3920 482 3999 paule
503 3919 633 3992 saliebat,
655 3921 783 3998 imagine
804 3921 920 4000 fingens

201 4033 347 4108 Quattuor
366 4029 509 4093 ethereas
532 4047 568 4092 ex
588 4030 653 4094 auri
674 4029 765 4093 divite
785 4049 885 4093 massa

199 4143 333 4215 Plantas,
355 4141 436 4221 quod
458 4139 583 4202 multum
605 4140 693 4220 spatii
714 4159 771 4202 nos
793 4141 873 4202 inter
895 4147 925 4204 01
946 4141 1029 4220 ipsas

198 4254 320 4334 Aequor
341 4259 404 4314 erat
424 4249 565 4312 medinm.
608 4249 668 4312 Sed
692 4269 759 4312 enm
781 4251 837 4312 tuit
857 4251 901 4312 ire
924 4251 1032 4331 cupido

148 4363 252 4425 tesia
274 4361 340 4424 ilias
362 4369 475 4433 centra,
497 4367 539 4433 ut,
562 4359 643 4440 qued
665 4359 744 4423 inest
764 4377 933 4435 sommum,
955 4360 1059 4424 fideles

85 4080 87 4143 1

84 4175 87 4243 t

83 4256 87 4369 1

81 4376 86 4499 1
