3142 5166
96 327 755 606 ,ἥκῃ
773 387 817 438 rr.

194 601 342 676 Occurrit,
364 605 486 684 perlusa
508 617 599 681 genus
621 601 745 666 humore
768 604 890 667 cadente

193 713 258 788 lllo,
282 733 342 793 quo
364 713 452 776 dolor
472 713 607 786 astillat,
630 713 682 793 qni
705 714 833 793 gignitur
854 715 913 789 irc;

192 824 290 903 Atque
312 822 388 886 naec
410 823 455 885 sic
476 824 548 886 lori:
571 823 603 885 si
626 829 656 884 to
679 823 841 885 domineris
862 825 892 886 in
915 824 998 898 urbe,

36 952 39 1082 p
93 956 96 1039 p
146 937 177 990 tu
193 933 253 995 Pro
276 951 335 1012 que
357 939 500 995 certatum
522 940 567 994 est
589 931 688 993 studio
710 933 790 994 inter
809 934 929 995 numina
950 941 1041 1008 tanto,

35 1083 37 1148 5
93 1046 95 1059 '
193 1043 238 1103 Ex
261 1061 317 1122 qun
340 1041 494 1103 doctrinae
516 1049 604 1121 utque
626 1043 698 1103 artis
720 1041 812 1102 decus
835 1059 922 1106 omne
944 1043 1082 1123 refulget,

35 1167 36 1178 ¹
192 1151 237 1214 lle
259 1169 342 1212 mora
365 1152 405 1213 sit
424 1151 531 1232 poenis
553 1149 622 1212 illos
644 1151 750 1231 punire
772 1150 900 1214 lacertos

193 1262 294 1324 lusos
317 1259 456 1340 amplecti
476 1266 585 1331 netum,
608 1279 626 1322 o
648 1259 836 1334 Prsrsrnuru,
859 1269 1005 1336 nostrnm3

90 1338 94 1517 ἰ
196 1370 249 1432 Cui
273 1377 334 1432 turn
355 1369 439 1431 risus
461 1377 525 1432 erut
546 1368 591 1432 sic
612 1370 796 1449 respondere
818 1369 975 1447 benignus,

147 1487 178 1541 15
196 1479 370 1560 Composito
391 1478 519 1560 placide,
541 1479 683 1560 princeps
704 1479 889 1553 mitissimus,
913 1499 980 1543 ore:

197 1589 275 1664 Quid
298 1589 440 1652 sociemus
463 1589 569 1662 adhuc,
592 1587 618 1649 sl
641 1588 709 1669 quis
730 1588 807 1651 mole
829 1589 924 1652 lausto
946 1599 1085 1671 precetur

195 1699 300 1770 Nobis,
323 1699 351 1760 si
370 1713 467 1779 poeno
489 1699 582 1760 nostri
605 1697 769 1760 afficiamus
791 1699 964 1762 ornantem?

238 1808 354 1872 Deinde
375 1806 462 1870 uliam
482 1807 542 1869 vidi
564 1809 713 1870 flammato
736 1819 857 1888 pectore
880 1819 998 1887 gentem
1092 1867 1095 1875 ,

88 1948 91 2011 4
196 1922 375 1998 Aggressem
398 1918 476 1980 sexis
495 1917 636 1998 juvenem
656 1917 727 1980 dare
747 1917 845 1980 luneri
867 1918 986 1993 acerbo,

88 2018 91 2107 l
136 2043 181 2096 tttu
196 2029 347 2091 tlon-mure
369 2046 444 2107 quae
465 2045 574 2105 magno
596 2024 756 2088 clamabat:
778 2028 915 2102 Percote,
937 2027 1044 2091 crede!

88 2116 90 2139 ¹
197 2139 289 2218 lsquc
309 2135 464 2200 ridebatur
484 2136 688 2210 succumbere,
711 2145 806 2198 morte
829 2144 973 2214 gravatus,

196 2248 315 2310 Pronus
336 2247 428 2320 humi,
451 2263 629 2327 semperque
651 2245 754 2308 oculos
777 2245 958 2308 contendere
979 2255 1100 2326 opertos

197 2357 232 2420 ln
255 2357 372 2420 coelum
392 2357 467 2418 linos
489 2371 526 2418 ec
547 2371 694 2418 summurn
715 2373 843 2436 poscere
865 2369 966 2435 regent

197 2465 233 2529 ln
256 2475 338 2529 teoto
360 2481 465 2546 pacem
486 2465 574 2537 bello,
597 2465 774 2545 reniumque
796 2463 890 2527 feroci

136 2585 181 2640 111
198 2575 326 2653 Turbae,
349 2589 409 2655 quo
429 2574 509 2636 mitis
530 2575 626 2656 pietus
648 2573 830 2649 diffunditur,
854 2591 916 2637 ore.

241 2686 315 2749 Cum
336 2684 425 2747 rediit
444 2683 518 2746 milri
539 2699 625 2746 mens
647 2693 825 2766 externoque
847 2701 915 2748 rem
938 2685 1041 2748 revisit

197 2795 286 2858 Extra
310 2815 343 2858 sc
364 2795 474 2876 positu,
497 2793 575 2857 houd
598 2793 693 2857 lelsns
715 2803 777 2857 tnm
800 2795 936 2874 cognitus
959 2811 1044 2857 error

197 2905 253 2968 Est
273 2903 357 2966 milri.
399 2905 445 2967 lle
468 2903 594 2965 similem
617 2905 766 2984 rumpenti
787 2905 903 2968 vincula
925 2905 1023 2967 somni

199 3015 328 3078 Cernere
350 3012 400 3094 qui
421 3013 534 3094 potuit:
556 3011 649 3089 Quae,
673 3013 785 3094 inquit,
809 3015 973 3076 consistere
994 3029 1086 3094 posse

134 3139 182 3192 llo
198 3125 311 3188 Caussa
332 3131 420 3196 relat,
442 3119 571 3184 doctor?
592 3123 651 3184 Sed
671 3123 733 3204 jorn
754 3131 783 3185 le
804 3123 895 3186 millio
915 3123 977 3185 ridi

196 3233 269 3296 Plus
293 3235 378 3314 qnasi
401 3251 488 3312 qnam
510 3233 569 3293 duo
589 3248 782 3312 progressum
806 3232 858 3294 tibi
880 3231 991 3295 lumino
1013 3231 1119 3312 palmis

197 3343 350 3406 Velontern
371 3351 459 3422 atquc
481 3357 569 3420 aegre
590 3341 713 3421 vestigia
734 3351 810 3405 tortu
831 3341 1008 3412 trahentem,

198 3453 236 3516 Ut
256 3453 311 3515 vir.
335 3452 382 3514 cul
406 3469 528 3514 somnus
549 3451 596 3514 nel
617 3451 718 3514 vinnm
739 3453 896 3534 praepedit
911 3447 1022 3534 ortus?
1310 3427 1314 3569 ι

242 3561 267 3625 0
290 3560 387 3624 dulcis
406 3569 503 3642 poter,
523 3561 595 3623 lruic
614 3561 684 3637 dixi,
707 3563 732 3624 si
755 3563 884 3642 porrigis
906 3579 1003 3635 cures,
1311 3574 1314 3607 ¹

135 3682 181 3737 111
198 3673 300 3736 [licam
322 3671 384 3734 riso
406 3669 488 3743 milri,
511 3687 567 3751 per
588 3672 730 3751 quoeris
752 3673 883 3734 concidit
905 3672 1004 3734 omnis
1311 3612 1316 3851 l
1536 3681 1539 3712 ⁴

198 3781 334 3846 Crurum.
376 3781 474 3863 Atque
494 3781 520 3842 is
539 3787 659 3844 contre:
682 3781 749 3844 'rim
772 3783 798 3845 si
820 3780 965 3843 velamine
986 3779 1097 3843 vultum

75 3788 79 4035 Ι
198 3889 311 3953 errce
332 3891 477 3952 texissent
497 3897 626 3964 centnm,
650 3909 726 3972 quoe
748 3893 857 3971 eogiut
877 3891 957 3954 intuo
1313 3874 1317 4076 p

74 4042 77 4056 .
198 4001 284 4062 llens
305 4008 366 4074 tue,
388 3999 578 4080 perveheret,
601 4017 661 4063 non
683 4019 732 4063 me
753 4003 798 4062 sic
820 4001 919 4063 clausa
941 4001 1078 4064 laterent.

198 4109 281 4172 llaec
302 4109 369 4172 ideo
393 4117 462 4172 sunt
483 4111 544 4172 visa
565 4109 628 4185 tibi,
651 4129 691 4172 oe
711 4111 788 4172 sorte
809 4125 932 4174 recures

134 4231 181 4284 lm
196 4218 336 4281 Pcclllcio
357 4237 409 4281 cor
430 4220 563 4300 pondere
584 4221 677 4301 aquis,
702 4237 778 4301 quae
800 4221 881 4282 lonte
903 4219 1069 4283 redundent

74 4320 77 4367 ¹
197 4327 337 4392 Aeterno.
380 4324 485 4411 Neque
509 4347 565 4409 ego
588 4330 689 4392 studui
710 4345 893 4408 cognoscere
917 4343 1060 4403 moretm,
1313 4370 1316 4417 ¹

1507 4665 1527 4782 l
