3136 5164
83 361 731 642 T-nnnn
751 420 779 470 n.

237 858 306 930 Vos,
330 865 394 920 rate
415 856 467 936 qui
489 855 564 918 recti
586 875 676 936 parra
694 855 831 927 venistis,
853 867 973 920 aventes

189 967 311 1042 Audire,
334 985 430 1046 usque
452 983 548 1028 meam
570 966 676 1028 seutati
698 984 778 1045 poue
801 965 941 1038 cerinum,

187 1078 271 1151 Quae
292 1095 375 1139 mare
396 1077 542 1138 cautando
563 1074 664 1147 verrit,
683 1075 746 1155 jem
769 1074 869 1138 littora
890 1085 988 1138 vestra

185 1186 348 1266 Respieite,
369 1197 400 1248 et
417 1186 543 1266 pelagus
566 1184 701 1248 neultra
725 1193 837 1248 tentate
858 1187 1056 1265 protundum

155 1297 260 1362 artam
282 1313 347 1367 res,
369 1313 417 1358 tue
436 1294 560 1366 amisso,
582 1295 650 1356 loce
671 1294 756 1357 deria
777 1275 855 1356 ferte
877 1297 986 1376 petetis

187 1406 340 1467 Errantes.
383 1404 487 1475 Nemo,
510 1403 592 1483 quod
613 1404 757 1466 arandum
780 1404 965 1484 prendimus,
988 1424 1101 1486 aequor

186 1515 324 1594 Unquam
346 1513 505 1594 percurrit
549 1513 684 1575 Tritonia
705 1514 776 1576 ltine
797 1513 895 1576 labori

186 1624 328 1704 Adspirat
349 1633 464 1691 nostre.
486 1641 543 1684 uus
566 1622 670 1684 dexter
690 1623 774 1685 dueit
794 1624 910 1703 Apollo,
1025 1647 1027 1652 ·

185 1734 284 1814 Atque
306 1752 411 1796 uorem
433 1733 537 1796 Musae
557 1741 728 1794 monstrant
747 1733 948 1796 Erimenddas
971 1753 1066 1797 ursas.

142 1848 171 1900 1⁰
230 1843 332 1914 Pauci,
354 1852 469 1905 mature
492 1842 541 1923 quui
565 1841 784 1922 prospeetustis
804 1842 923 1906 hiantes

187 1953 362 2031 Angelicum
384 1971 503 2033 penem,
526 1970 585 2032 que
607 1951 667 2014 rita
688 1952 737 2016 hie
759 1952 875 2027 uisitur,
898 1962 928 2016 at
951 1971 1011 2016 non

188 2063 363 2126 Exsaurrata
385 2070 494 2134 manet,
518 2061 667 2124 dimittere
689 2062 768 2123 salsa
790 2081 846 2142 per
866 2063 925 2125 nite

189 2173 344 2252 Nauigium
366 2172 452 2234 vobis
473 2172 546 2234 lieet
567 2171 795 2234 observantibus
818 2171 936 2245 undam,

191 2282 288 2357 Quam
310 2282 403 2353 sulco,
426 2281 511 2362 prius
533 2281 667 2361 aequalis
690 2301 779 2361 quant
800 2289 893 2344 strata
914 2282 1037 2344 residat.

144 2402 174 2454 15
191 2393 384 2454 Praestantes
406 2391 457 2464 itti,
481 2391 532 2472 qui
555 2391 691 2454 adierunt
713 2391 852 2456 Colchica
874 2409 973 2469 regna,

192 2503 382 2581 Obstupuere
404 2501 503 2564 miuus
525 2509 604 2574 tune,
628 2519 718 2580 quunr
740 2500 842 2562 ridere
863 2500 1023 2564 bubularum

190 2611 372 2674 Aesonidem
394 2611 514 2682 iactum,
537 2629 709 2692 quadruos,
731 2629 797 2672 inea
818 2609 886 2674 reia
907 2610 1012 2674 secuti.

192 2721 326 2798 lugenita
347 2729 380 2782 et
396 2721 478 2801 jugie
500 2720 567 2782 sitis
589 2722 631 2794 iu,
653 2719 732 2801 quod
754 2719 887 2798 imagine
907 2720 984 2783 ridet

190 2829 304 2902 Divina,
327 2847 453 2908 reguum
473 2829 641 2893 eeleriuoa
663 2829 773 2909 impete
796 2829 912 2908 agebat,

142 2947 175 3000 2⁰
191 2941 297 3002 Fertne
319 2957 379 3019 quo
400 2939 556 3018 adepturis
579 2939 703 3000 coelum.
748 2939 893 3022 spectare
915 2940 1045 3001 Beturrx

191 3050 327 3122 Sursum,
350 3058 381 3110 et
399 3067 455 3128 ege
478 3048 566 3112 haue.
610 3049 689 3110 Tam.
706 3049 783 3114 torte
805 3049 864 3120 diu,
887 3049 959 3112 dum
981 3058 1080 3112 cessat
1101 3051 1225 3124 arundo,

191 3160 228 3220 Et
248 3158 328 3221 volat
349 3167 436 3238 atque
457 3159 535 3238 fugit
555 3157 718 3220 resolutam
739 3158 834 3222 libera
856 3159 1007 3230 ehurdm

191 3268 279 3331 Sensi
304 3269 427 3342 delatus,
450 3287 509 3348 quo
531 3287 580 3332 ute
601 3267 750 3330 divertere
770 3269 866 3330 suasit

191 3379 251 3440 Res
273 3377 349 3441 mira
370 3379 406 3440 ad
429 3397 462 3440 ae
485 3378 590 3440 oeulis.
634 3377 687 3440 iila
709 3386 815 3448 autent,
840 3395 929 3458 quam
950 3377 1011 3442 ulia
1032 3377 1174 3458 nequibat

143 3501 175 3555 25
191 3488 268 3550 Cura
288 3486 381 3549 latere
402 3487 462 3550 mei
482 3487 591 3560 eordie,
615 3487 762 3550 eourertit
783 3495 938 3567 utramque

190 3596 233 3659 td
257 3615 305 3660 me
327 3597 422 3660 aciem
442 3597 556 3678 pariter
576 3597 662 3670 laeta,
684 3608 718 3660 ut
738 3597 939 3678 putcherrimae
961 3597 1072 3664 forma:

189 3707 289 3770 Mente
310 3707 414 3780 Deum,
437 3707 519 3779 dixit,
540 3707 619 3770 bene
640 3715 722 3786 nate
744 3707 874 3787 auspice,
897 3707 948 3788 qui
969 3725 1025 3768 nea

190 3816 308 3879 Primae
331 3817 484 3896 conjunxit
505 3816 619 3879 stellae.
663 3817 736 3878 dini
758 3817 856 3880 lucide
877 3817 940 3878 risa
961 3825 1008 3878 est

189 3931 231 3989 Aa
254 3926 347 4014 densa
369 3944 406 3988 eu
427 3926 523 3990 solida
545 3945 581 3989 an
602 3926 697 3988 nitido
719 3934 802 3988 stans
825 3945 951 4007 corpore
973 3925 1068 3988 nubes

143 4042 174 4094 td
190 4037 252 4098 Nos
275 4045 384 4113 tegere,
407 4036 486 4100 haud
507 4055 595 4099 aecus
617 4047 707 4117 atque
728 4036 849 4100 adamas
871 4036 946 4097 auiis
963 4036 1070 4116 jubare
1092 4036 1179 4098 ictus.

77 4194 80 4211 .
190 4147 347 4225 ingressos
370 4147 451 4211 intus
472 4164 529 4208 noa
550 4145 642 4208 baeda
664 4155 785 4208 aeterua
807 4147 930 4227 recepit,

77 4232 81 4349 ᾖ
191 4257 228 4318 Ut
251 4256 359 4336 recipit
379 4256 477 4318 lucem
499 4255 626 4318 fluvialis
648 4265 728 4334 gutta
751 4255 925 4318 cohaerens.

78 4408 80 4427 .
189 4368 222 4428 Si
245 4375 307 4428 tum
330 4384 441 4446 corpus
463 4383 554 4439 eram,
577 4366 604 4428 ei
626 4383 687 4428 non
709 4365 923 4445 cumprendere
944 4374 1043 4427 mente
1065 4373 1120 4436 est,

79 4500 81 4515 ,
1091 4462 1147 4518 ts*
