<?xml version="1.0" encoding="UTF-8"?>
<!DOCTYPE html PUBLIC "-//W3C//DTD XHTML 1.0 Transitional//EN"
    "http://www.w3.org/TR/xhtml1/DTD/xhtml1-transitional.dtd">
<html xmlns="http://www.w3.org/1999/xhtml" xml:lang="en" lang="en">
 <head>
  <title>
</title>
<meta http-equiv="Content-Type" content="text/html;charset=utf-8" />
  <meta name='ocr-system' content='tesseract 3.04.00' />
  <meta name='ocr-capabilities' content='ocr_page ocr_carea ocr_par ocr_line ocrx_word'/>
</head>
<body>
  <div class='ocr_page' id='page_1' title='image "./divinacomoedia00piazgoog_0339.png"; bbox 0 0 3136 5164; ppageno 0'>
   <div class='ocr_carea' id='block_1_1' title="bbox 259 361 1016 564">
    <p class='ocr_par' dir='ltr' id='par_1_1' title="bbox 259 361 1016 564">
     <span class='ocr_line' id='line_1_1' title="bbox 259 361 1016 564; baseline -0.012 -91"><span class='ocrx_word' id='word_1_1' title='bbox 259 361 264 564; x_wconf 55' lang='grc' dir='ltr'>Ι</span> <span class='ocrx_word' id='word_1_2' title='bbox 314 409 377 474; x_wconf 74' lang='grc'><strong>258</strong></span> <span class='ocrx_word' id='word_1_3' title='bbox 743 413 921 464; x_wconf 76' lang='lat' dir='ltr'><strong>concoenare</strong></span> <span class='ocrx_word' id='word_1_4' title='bbox 938 413 1016 464; x_wconf 75' lang='lat' dir='ltr'><strong>xxxo.</strong></span> 
     </span>
    </p>
   </div>
   <div class='ocr_carea' id='block_1_2' title="bbox 255 450 1491 4424">
    <p class='ocr_par' dir='ltr' id='par_1_2' title="bbox 255 450 1491 4424">
     <span class='ocr_line' id='line_1_2' title="bbox 1488 450 1491 519; baseline 0 0"><span class='ocrx_word' id='word_1_5' title='bbox 1488 450 1491 519; x_wconf 87' lang='lat' dir='ltr'><strong>l</strong></span> 
     </span>
     <span class='ocr_line' id='line_1_3' title="bbox 255 633 1277 716; baseline 0.005 -21"><span class='ocrx_word' id='word_1_6' title='bbox 255 635 258 642; x_wconf 84' lang='lat'>&#39;</span> <span class='ocrx_word' id='word_1_7' title='bbox 330 643 364 695; x_wconf 80' lang='grc'><strong>55</strong></span> <span class='ocrx_word' id='word_1_8' title='bbox 382 633 517 698; x_wconf 83' lang='lat' dir='ltr'>Pulchris</span> <span class='ocrx_word' id='word_1_9' title='bbox 540 655 575 697; x_wconf 88' lang='lat' dir='ltr'><strong>ex</strong></span> <span class='ocrx_word' id='word_1_10' title='bbox 596 633 748 708; x_wconf 86' lang='lat' dir='ltr'><strong>rnernbris,</strong></span> <span class='ocrx_word' id='word_1_11' title='bbox 771 651 848 713; x_wconf 84' lang='lat' dir='ltr'><strong>quae</strong></span> <span class='ocrx_word' id='word_1_12' title='bbox 869 651 917 694; x_wconf 88' lang='lat' dir='ltr'><strong>me</strong></span> <span class='ocrx_word' id='word_1_13' title='bbox 938 633 1096 707; x_wconf 82' lang='lat' dir='ltr'><strong>inclusere,</strong></span> <span class='ocrx_word' id='word_1_14' title='bbox 1115 634 1277 716; x_wconf 86' lang='lat' dir='ltr'><strong>jacentque</strong></span> 
     </span>
     <span class='ocr_line' id='line_1_4' title="bbox 382 630 1491 823; baseline -0.001 -16"><span class='ocrx_word' id='word_1_15' title='bbox 382 743 506 808; x_wconf 75' lang='lat' dir='ltr'><strong>Condita</strong></span> <span class='ocrx_word' id='word_1_16' title='bbox 527 744 583 806; x_wconf 92' lang='lat' dir='ltr'><strong>sub</strong></span> <span class='ocrx_word' id='word_1_17' title='bbox 606 753 693 806; x_wconf 87' lang='lat' dir='ltr'><strong>terra.</strong></span> <span class='ocrx_word' id='word_1_18' title='bbox 737 742 824 816; x_wconf 83' lang='lat' dir='ltr'><strong>Quod</strong></span> <span class='ocrx_word' id='word_1_19' title='bbox 847 742 873 804; x_wconf 92' lang='lat' dir='ltr'><strong>si</strong></span> <span class='ocrx_word' id='word_1_20' title='bbox 895 749 925 804; x_wconf 88' lang='lat' dir='ltr'><strong>te</strong></span> <span class='ocrx_word' id='word_1_21' title='bbox 948 761 1061 804; x_wconf 87' lang='lat' dir='ltr'><strong>summa</strong></span> <span class='ocrx_word' id='word_1_22' title='bbox 1084 743 1189 806; x_wconf 88' lang='lat' dir='ltr'><strong>lelellit</strong></span> <span class='ocrx_word' id='word_1_23' title='bbox 1487 630 1491 823; x_wconf 59' lang='grc'><strong>1</strong></span> 
     </span>
     <span class='ocr_line' id='line_1_5' title="bbox 382 830 1490 934; baseline -0.005 -19"><span class='ocrx_word' id='word_1_24' title='bbox 382 855 474 917; x_wconf 78' lang='lat' dir='ltr'><strong>&#39;l&#39;anla</strong></span> <span class='ocrx_word' id='word_1_25' title='bbox 497 855 656 934; x_wconf 85' lang='lat' dir='ltr'><strong>uoluptatis</strong></span> <span class='ocrx_word' id='word_1_26' title='bbox 678 851 790 934; x_wconf 87' lang='lat' dir='ltr'><strong>pariter</strong></span> <span class='ocrx_word' id='word_1_27' title='bbox 811 871 878 914; x_wconf 88' lang='lat' dir='ltr'><strong>cum</strong></span> <span class='ocrx_word' id='word_1_28' title='bbox 901 852 1004 914; x_wconf 89' lang='lat' dir='ltr'><strong>luoere</strong></span> <span class='ocrx_word' id='word_1_29' title='bbox 1026 861 1138 927; x_wconf 85' lang='lat' dir='ltr'><strong>nostre,</strong></span> <span class='ocrx_word' id='word_1_30' title='bbox 1487 830 1490 909; x_wconf 86' lang='lat' dir='ltr'><strong>l</strong></span> 
     </span>
     <span class='ocr_line' id='line_1_6' title="bbox 383 936 1490 1047; baseline -0.003 -21"><span class='ocrx_word' id='word_1_31' title='bbox 383 967 466 1039; x_wconf 76' lang='lat' dir='ltr'><strong>Quae</strong></span> <span class='ocrx_word' id='word_1_32' title='bbox 487 983 536 1026; x_wconf 85' lang='lat' dir='ltr'><strong>res</strong></span> <span class='ocrx_word' id='word_1_33' title='bbox 557 963 690 1025; x_wconf 82' lang='lat' dir='ltr'><strong>mortalis</strong></span> <span class='ocrx_word' id='word_1_34' title='bbox 711 961 765 1024; x_wconf 88' lang='lat' dir='ltr'><strong>tibi</strong></span> <span class='ocrx_word' id='word_1_35' title='bbox 785 961 846 1043; x_wconf 89' lang='lat' dir='ltr'><strong>jam</strong></span> <span class='ocrx_word' id='word_1_36' title='bbox 868 963 1031 1041; x_wconf 83' lang='lat' dir='ltr'><strong>exoptenda</strong></span> <span class='ocrx_word' id='word_1_37' title='bbox 1055 961 1186 1025; x_wconf 77' lang='lat' dir='ltr'><strong>luisset?</strong></span> <span class='ocrx_word' id='word_1_38' title='bbox 1486 936 1490 1047; x_wconf 69' lang='grc'><strong>1</strong></span> 
     </span>
     <span class='ocr_line' id='line_1_7' title="bbox 379 1066 1489 1189; baseline -0.003 -53"><span class='ocrx_word' id='word_1_39' title='bbox 379 1075 444 1136; x_wconf 82' lang='lat' dir='ltr'><strong>Jarn</strong></span> <span class='ocrx_word' id='word_1_40' title='bbox 467 1074 521 1135; x_wconf 89' lang='lat' dir='ltr'><strong>tibi</strong></span> <span class='ocrx_word' id='word_1_41' title='bbox 542 1092 597 1154; x_wconf 86' lang='lat' dir='ltr'><strong>par</strong></span> <span class='ocrx_word' id='word_1_42' title='bbox 618 1074 721 1144; x_wconf 85' lang='lat' dir='ltr'><strong>luerat,</strong></span> <span class='ocrx_word' id='word_1_43' title='bbox 744 1079 902 1152; x_wconf 81' lang='lat' dir='ltr'><strong>postquam</strong></span> <span class='ocrx_word' id='word_1_44' title='bbox 923 1071 1002 1132; x_wconf 88' lang='lat' dir='ltr'><strong>bona</strong></span> <span class='ocrx_word' id='word_1_45' title='bbox 1025 1071 1098 1132; x_wconf 88' lang='grc'><strong>15155</strong></span> <span class='ocrx_word' id='word_1_46' title='bbox 1120 1073 1221 1151; x_wconf 81' lang='lat' dir='ltr'><strong>priore</strong></span> <span class='ocrx_word' id='word_1_47' title='bbox 1485 1066 1489 1189; x_wconf 56' lang='grc' dir='ltr'>Ι</span> 
     </span>
     <span class='ocr_line' id='line_1_8' title="bbox 330 1181 1488 1277; baseline -0.006 -31"><span class='ocrx_word' id='word_1_48' title='bbox 330 1185 364 1236; x_wconf 75' lang='lat'><strong>5⁰</strong></span> <span class='ocrx_word' id='word_1_49' title='bbox 381 1183 578 1246; x_wconf 70' lang='lat' dir='ltr'><strong>Conciderant</strong></span> <span class='ocrx_word' id='word_1_50' title='bbox 599 1182 667 1254; x_wconf 84' lang='lat' dir='ltr'><strong>telo,</strong></span> <span class='ocrx_word' id='word_1_51' title='bbox 691 1181 914 1243; x_wconf 80' lang='lat' dir='ltr'>consurrexisse</span> <span class='ocrx_word' id='word_1_52' title='bbox 936 1181 1081 1262; x_wconf 84' lang='lat' dir='ltr'><strong>sequique</strong></span> <span class='ocrx_word' id='word_1_53' title='bbox 1485 1194 1488 1277; x_wconf 59' lang='grc'><strong>1</strong></span> 
     </span>
     <span class='ocr_line' id='line_1_9' title="bbox 380 1289 1303 1374; baseline -0.001 -19"><span class='ocrx_word' id='word_1_54' title='bbox 380 1295 426 1356; x_wconf 86' lang='grc'><strong>115</strong></span> <span class='ocrx_word' id='word_1_55' title='bbox 448 1311 527 1374; x_wconf 87' lang='lat' dir='ltr'><strong>pene</strong></span> <span class='ocrx_word' id='word_1_56' title='bbox 548 1292 627 1354; x_wconf 78' lang='lat' dir='ltr'><strong>traua</strong></span> <span class='ocrx_word' id='word_1_57' title='bbox 649 1289 735 1352; x_wconf 86' lang='lat' dir='ltr'><strong>talem</strong></span> <span class='ocrx_word' id='word_1_58' title='bbox 758 1291 893 1371; x_wconf 87' lang='lat' dir='ltr'><strong>posthae.</strong></span> <span class='ocrx_word' id='word_1_59' title='bbox 935 1289 1038 1370; x_wconf 80' lang='lat' dir='ltr'>Neque</span> <span class='ocrx_word' id='word_1_60' title='bbox 1060 1291 1154 1352; x_wconf 85' lang='lat' dir='ltr'><strong>terma</strong></span> <span class='ocrx_word' id='word_1_61' title='bbox 1177 1291 1303 1370; x_wconf 80' lang='lat' dir='ltr'><strong>praellae,</strong></span> 
     </span>
     <span class='ocr_line' id='line_1_10' title="bbox 381 1399 1067 1483; baseline -0.004 -18"><span class='ocrx_word' id='word_1_62' title='bbox 381 1406 439 1464; x_wconf 77' lang='lat' dir='ltr'><strong>Aut</strong></span> <span class='ocrx_word' id='word_1_63' title='bbox 460 1401 571 1483; x_wconf 85' lang='lat' dir='ltr'><strong>aliquid</strong></span> <span class='ocrx_word' id='word_1_64' title='bbox 592 1399 661 1461; x_wconf 80' lang='lat' dir='ltr'><strong>vani</strong></span> <span class='ocrx_word' id='word_1_65' title='bbox 683 1399 808 1461; x_wconf 88' lang='lat' dir='ltr'><strong>minime</strong></span> <span class='ocrx_word' id='word_1_66' title='bbox 830 1399 974 1461; x_wconf 88' lang='lat' dir='ltr'><strong>durabilis</strong></span> <span class='ocrx_word' id='word_1_67' title='bbox 997 1419 1067 1462; x_wconf 83' lang='lat' dir='ltr'><strong>aevo</strong></span> 
     </span>
     <span class='ocr_line' id='line_1_11' title="bbox 381 1507 1111 1590; baseline -0.001 -16"><span class='ocrx_word' id='word_1_68' title='bbox 381 1511 550 1574; x_wconf 79' lang='lat' dir='ltr'><strong>Debuerant</strong></span> <span class='ocrx_word' id='word_1_69' title='bbox 570 1527 685 1590; x_wconf 84' lang='lat' dir='ltr'><strong>pennas</strong></span> <span class='ocrx_word' id='word_1_70' title='bbox 706 1517 854 1572; x_wconf 86' lang='lat' dir='ltr'><strong>tantorum</strong></span> <span class='ocrx_word' id='word_1_71' title='bbox 877 1509 955 1570; x_wconf 88' lang='lat' dir='ltr'><strong>mele</strong></span> <span class='ocrx_word' id='word_1_72' title='bbox 975 1507 1111 1573; x_wconf 85' lang='lat' dir='ltr'><strong>laborum</strong></span> 
     </span>
     <span class='ocr_line' id='line_1_12' title="bbox 259 1619 1121 1701; baseline -0.001 -19"><span class='ocrx_word' id='word_1_73' title='bbox 259 1673 261 1701; x_wconf 84' lang='grc'><strong>,</strong></span> <span class='ocrx_word' id='word_1_74' title='bbox 379 1621 570 1700; x_wconf 86' lang='lat' dir='ltr'><strong>Depressisse</strong></span> <span class='ocrx_word' id='word_1_75' title='bbox 592 1619 653 1692; x_wconf 91' lang='lat' dir='ltr'><strong>tibi,</strong></span> <span class='ocrx_word' id='word_1_76' title='bbox 676 1620 778 1700; x_wconf 83' lang='lat' dir='ltr'><strong>plnres</strong></span> <span class='ocrx_word' id='word_1_77' title='bbox 799 1625 833 1679; x_wconf 91' lang='lat' dir='ltr'><strong>ut</strong></span> <span class='ocrx_word' id='word_1_78' title='bbox 854 1625 962 1697; x_wconf 86' lang='lat' dir='ltr'><strong>sponte</strong></span> <span class='ocrx_word' id='word_1_79' title='bbox 982 1636 1121 1681; x_wconf 85' lang='lat' dir='ltr'><strong>maneres</strong></span> 
     </span>
     <span class='ocr_line' id='line_1_13' title="bbox 331 1726 1211 1808; baseline 0.003 -20"><span class='ocrx_word' id='word_1_80' title='bbox 331 1729 472 1791; x_wconf 81' lang='grc'><strong>5515155.</strong></span> <span class='ocrx_word' id='word_1_81' title='bbox 515 1726 659 1790; x_wconf 81' lang='grc'><strong>11555515</strong></span> <span class='ocrx_word' id='word_1_82' title='bbox 681 1735 832 1808; x_wconf 78' lang='lat' dir='ltr'><strong>exspectat</strong></span> <span class='ocrx_word' id='word_1_83' title='bbox 853 1745 928 1789; x_wconf 84' lang='lat' dir='ltr'><strong>nova</strong></span> <span class='ocrx_word' id='word_1_84' title='bbox 950 1735 1031 1789; x_wconf 80' lang='lat' dir='ltr'>terve</span> <span class='ocrx_word' id='word_1_85' title='bbox 1054 1738 1211 1808; x_wconf 70' lang='lat' dir='ltr'><strong>quaterve,</strong></span> 
     </span>
     <span class='ocr_line' id='line_1_14' title="bbox 381 1836 1139 1918; baseline -0.001 -18"><span class='ocrx_word' id='word_1_86' title='bbox 381 1841 419 1900; x_wconf 80' lang='lat' dir='ltr'><strong>nt</strong></span> <span class='ocrx_word' id='word_1_87' title='bbox 439 1839 524 1918; x_wconf 88' lang='lat' dir='ltr'><strong>queis</strong></span> <span class='ocrx_word' id='word_1_88' title='bbox 546 1837 708 1899; x_wconf 86' lang='lat' dir='ltr'><strong>silvescunt</strong></span> <span class='ocrx_word' id='word_1_89' title='bbox 729 1836 854 1916; x_wconf 88' lang='lat' dir='ltr'><strong>plumae,</strong></span> <span class='ocrx_word' id='word_1_90' title='bbox 878 1837 928 1916; x_wconf 88' lang='lat' dir='ltr'><strong>qui</strong></span> <span class='ocrx_word' id='word_1_91' title='bbox 950 1838 1024 1898; x_wconf 88' lang='lat' dir='ltr'><strong>retia</strong></span> <span class='ocrx_word' id='word_1_92' title='bbox 1045 1839 1139 1917; x_wconf 89' lang='lat' dir='ltr'><strong>penit,</strong></span> 
     </span>
     <span class='ocr_line' id='line_1_15' title="bbox 381 1945 1128 2019; baseline -0.001 -10"><span class='ocrx_word' id='word_1_93' title='bbox 381 1950 439 2010; x_wconf 78' lang='lat' dir='ltr'><strong>Aut</strong></span> <span class='ocrx_word' id='word_1_94' title='bbox 460 1965 561 2008; x_wconf 90' lang='lat' dir='ltr'><strong>arcum</strong></span> <span class='ocrx_word' id='word_1_95' title='bbox 583 1945 710 2008; x_wconf 76' lang='lat' dir='ltr'><strong>intendit</strong></span> <span class='ocrx_word' id='word_1_96' title='bbox 731 1965 840 2019; x_wconf 75' lang='lat' dir='ltr'><strong>comm,</strong></span> <span class='ocrx_word' id='word_1_97' title='bbox 863 1945 999 2009; x_wconf 88' lang='lat' dir='ltr'><strong>discedet</strong></span> <span class='ocrx_word' id='word_1_98' title='bbox 1019 1947 1128 2008; x_wconf 88' lang='lat' dir='ltr'><strong>inanis.</strong></span> 
     </span>
     <span class='ocr_line' id='line_1_16' title="bbox 258 1944 1345 2152; baseline 0.006 -34"><span class='ocrx_word' id='word_1_99' title='bbox 258 1944 262 2152; x_wconf 55' lang='grc' dir='ltr'><strong>μ</strong></span> <span class='ocrx_word' id='word_1_100' title='bbox 425 2057 545 2131; x_wconf 81' lang='lat' dir='ltr'><strong>Quales,</strong></span> <span class='ocrx_word' id='word_1_101' title='bbox 569 2075 644 2137; x_wconf 89' lang='lat' dir='ltr'><strong>quos</strong></span> <span class='ocrx_word' id='word_1_102' title='bbox 666 2055 778 2136; x_wconf 83' lang='lat' dir='ltr'><strong>puduit,</strong></span> <span class='ocrx_word' id='word_1_103' title='bbox 801 2073 911 2135; x_wconf 88' lang='lat' dir='ltr'><strong>pueros</strong></span> <span class='ocrx_word' id='word_1_104' title='bbox 933 2055 1012 2118; x_wconf 79' lang='lat' dir='ltr'><strong>huual</strong></span> <span class='ocrx_word' id='word_1_105' title='bbox 1033 2057 1152 2120; x_wconf 90' lang='lat' dir='ltr'><strong>hiscere</strong></span> <span class='ocrx_word' id='word_1_106' title='bbox 1175 2059 1345 2140; x_wconf 86' lang='lat' dir='ltr'><strong>quidquam.</strong></span> 
     </span>
     <span class='ocr_line' id='line_1_17' title="bbox 258 2164 1139 2246; baseline 0 -18"><span class='ocrx_word' id='word_1_107' title='bbox 258 2182 260 2213; x_wconf 81' lang='lat'><strong>¹</strong></span> <span class='ocrx_word' id='word_1_108' title='bbox 381 2167 551 2246; x_wconf 83' lang='lat' dir='ltr'><strong>Delixisque</strong></span> <span class='ocrx_word' id='word_1_109' title='bbox 574 2165 668 2227; x_wconf 91' lang='lat' dir='ltr'><strong>oculis</strong></span> <span class='ocrx_word' id='word_1_110' title='bbox 689 2173 786 2227; x_wconf 88' lang='lat' dir='ltr'><strong>terrae</strong></span> <span class='ocrx_word' id='word_1_111' title='bbox 808 2164 974 2227; x_wconf 87' lang='lat' dir='ltr'><strong>auscultare</strong></span> <span class='ocrx_word' id='word_1_112' title='bbox 995 2166 1139 2241; x_wconf 82' lang='lat' dir='ltr'><strong>videmus,</strong></span> 
     </span>
     <span class='ocr_line' id='line_1_18' title="bbox 259 2266 1122 2361; baseline 0.001 -24"><span class='ocrx_word' id='word_1_113' title='bbox 259 2266 262 2361; x_wconf 76' lang='lat'>1</span> <span class='ocrx_word' id='word_1_114' title='bbox 331 2276 366 2327; x_wconf 79' lang='lat'><strong>⁶⁰</strong></span> <span class='ocrx_word' id='word_1_115' title='bbox 383 2275 510 2337; x_wconf 83' lang='lat' dir='ltr'><strong>Conscia</strong></span> <span class='ocrx_word' id='word_1_116' title='bbox 533 2274 583 2336; x_wconf 93' lang='lat' dir='ltr'><strong>ubi</strong></span> <span class='ocrx_word' id='word_1_117' title='bbox 606 2275 675 2336; x_wconf 90' lang='lat' dir='ltr'><strong>lacti</strong></span> <span class='ocrx_word' id='word_1_118' title='bbox 694 2292 779 2336; x_wconf 86' lang='lat' dir='ltr'><strong>mens</strong></span> <span class='ocrx_word' id='word_1_119' title='bbox 800 2275 986 2354; x_wconf 84' lang='lat' dir='ltr'><strong>poenituisse</strong></span> <span class='ocrx_word' id='word_1_120' title='bbox 1008 2277 1122 2354; x_wconf 82' lang='lat' dir='ltr'><strong>coegit:</strong></span> 
     </span>
     <span class='ocr_line' id='line_1_19' title="bbox 259 2372 1264 2465; baseline 0.005 -20"><span class='ocrx_word' id='word_1_121' title='bbox 259 2372 261 2381; x_wconf 67' lang='grc'>’</span> <span class='ocrx_word' id='word_1_122' title='bbox 382 2386 427 2446; x_wconf 89' lang='grc'><strong>115</strong></span> <span class='ocrx_word' id='word_1_123' title='bbox 450 2403 568 2465; x_wconf 86' lang='lat' dir='ltr'><strong>queque</strong></span> <span class='ocrx_word' id='word_1_124' title='bbox 590 2383 717 2445; x_wconf 83' lang='lat' dir='ltr'><strong>vidisses</strong></span> <span class='ocrx_word' id='word_1_125' title='bbox 739 2384 837 2444; x_wconf 83' lang='grc'><strong>151555.</strong></span> <span class='ocrx_word' id='word_1_126' title='bbox 880 2384 975 2464; x_wconf 80' lang='lat' dir='ltr'><strong>Atque</strong></span> <span class='ocrx_word' id='word_1_127' title='bbox 998 2402 1032 2447; x_wconf 89' lang='lat' dir='ltr'><strong>ea</strong></span> <span class='ocrx_word' id='word_1_128' title='bbox 1054 2386 1163 2448; x_wconf 82' lang='lat' dir='ltr'><strong>talibus</strong></span> <span class='ocrx_word' id='word_1_129' title='bbox 1184 2387 1264 2450; x_wconf 85' lang='lat' dir='ltr'><strong>iniit:</strong></span> 
     </span>
     <span class='ocr_line' id='line_1_20' title="bbox 382 2493 1141 2568; baseline 0.003 -12"><span class='ocrx_word' id='word_1_130' title='bbox 382 2494 507 2568; x_wconf 85' lang='lat' dir='ltr'><strong>Quando</strong></span> <span class='ocrx_word' id='word_1_131' title='bbox 530 2513 565 2556; x_wconf 88' lang='lat' dir='ltr'><strong>ex</strong></span> <span class='ocrx_word' id='word_1_132' title='bbox 587 2493 694 2556; x_wconf 82' lang='lat' dir='ltr'><strong>auditis</strong></span> <span class='ocrx_word' id='word_1_133' title='bbox 716 2511 842 2566; x_wconf 74' lang='lat' dir='ltr'><strong>noceres,</strong></span> <span class='ocrx_word' id='word_1_134' title='bbox 865 2493 989 2555; x_wconf 78' lang='lat' dir='ltr'><strong>attollite</strong></span> <span class='ocrx_word' id='word_1_135' title='bbox 1010 2493 1141 2568; x_wconf 81' lang='lat' dir='ltr'><strong>barbana,</strong></span> 
     </span>
     <span class='ocr_line' id='line_1_21' title="bbox 381 2601 1168 2685; baseline 0.006 -21"><span class='ocrx_word' id='word_1_136' title='bbox 381 2605 484 2682; x_wconf 78' lang='lat' dir='ltr'><strong>Atque,</strong></span> <span class='ocrx_word' id='word_1_137' title='bbox 507 2602 557 2664; x_wconf 93' lang='lat' dir='ltr'><strong>ubi</strong></span> <span class='ocrx_word' id='word_1_138' title='bbox 579 2603 731 2683; x_wconf 82' lang='lat' dir='ltr'><strong>respicias,</strong></span> <span class='ocrx_word' id='word_1_139' title='bbox 754 2601 849 2682; x_wconf 87' lang='lat' dir='ltr'><strong>major</strong></span> <span class='ocrx_word' id='word_1_140' title='bbox 869 2610 899 2664; x_wconf 89' lang='grc'><strong>15</strong></span> <span class='ocrx_word' id='word_1_141' title='bbox 920 2621 1017 2683; x_wconf 89' lang='lat' dir='ltr'><strong>poena</strong></span> <span class='ocrx_word' id='word_1_142' title='bbox 1039 2615 1168 2685; x_wconf 86' lang='lat' dir='ltr'><strong>peruret.</strong></span> 
     </span>
     <span class='ocr_line' id='line_1_22' title="bbox 422 2711 1078 2776; baseline 0.006 -4"><span class='ocrx_word' id='word_1_143' title='bbox 422 2712 516 2774; x_wconf 85' lang='lat' dir='ltr'><strong>Vento</strong></span> <span class='ocrx_word' id='word_1_144' title='bbox 539 2711 673 2774; x_wconf 83' lang='lat' dir='ltr'><strong>evellenti</strong></span> <span class='ocrx_word' id='word_1_145' title='bbox 697 2731 799 2773; x_wconf 86' lang='lat' dir='ltr'><strong>cerrus</strong></span> <span class='ocrx_word' id='word_1_146' title='bbox 821 2712 943 2774; x_wconf 89' lang='lat' dir='ltr'><strong>robusta</strong></span> <span class='ocrx_word' id='word_1_147' title='bbox 965 2713 1078 2776; x_wconf 82' lang='lat' dir='ltr'><strong>resistit</strong></span> 
     </span>
     <span class='ocr_line' id='line_1_23' title="bbox 331 2821 1167 2901; baseline 0.002 -18"><span class='ocrx_word' id='word_1_148' title='bbox 331 2833 364 2884; x_wconf 81' lang='grc'><strong>55</strong></span> <span class='ocrx_word' id='word_1_149' title='bbox 381 2821 515 2900; x_wconf 55' lang='lat' dir='ltr'><strong>nemius,</strong></span> <span class='ocrx_word' id='word_1_150' title='bbox 537 2821 587 2882; x_wconf 86' lang='lat' dir='ltr'><strong>hic</strong></span> <span class='ocrx_word' id='word_1_151' title='bbox 608 2821 718 2881; x_wconf 85' lang='lat' dir='ltr'><strong>nestris</strong></span> <span class='ocrx_word' id='word_1_152' title='bbox 741 2839 796 2882; x_wconf 90' lang='lat' dir='ltr'><strong>seu</strong></span> <span class='ocrx_word' id='word_1_153' title='bbox 817 2821 1017 2884; x_wconf 77' lang='lat' dir='ltr'><strong>debacchetur</strong></span> <span class='ocrx_word' id='word_1_154' title='bbox 1034 2824 1074 2901; x_wconf 81' lang='grc' dir='ltr'><strong>Ι51)</strong></span> <span class='ocrx_word' id='word_1_155' title='bbox 1095 2825 1167 2897; x_wconf 85' lang='grc'><strong>5515,</strong></span> 
     </span>
     <span class='ocr_line' id='line_1_24' title="bbox 381 2927 1229 3014; baseline 0.007 -22"><span class='ocrx_word' id='word_1_156' title='bbox 381 2931 449 2992; x_wconf 85' lang='lat' dir='ltr'><strong>Siue</strong></span> <span class='ocrx_word' id='word_1_157' title='bbox 471 2949 488 2993; x_wconf 90' lang='grc'><strong>5</strong></span> <span class='ocrx_word' id='word_1_158' title='bbox 510 2927 642 2992; x_wconf 86' lang='lat' dir='ltr'><strong>Gaetulis</strong></span> <span class='ocrx_word' id='word_1_159' title='bbox 663 2928 752 3008; x_wconf 83' lang='lat' dir='ltr'><strong>agris,</strong></span> <span class='ocrx_word' id='word_1_160' title='bbox 775 2948 862 3008; x_wconf 88' lang='lat' dir='ltr'><strong>quam</strong></span> <span class='ocrx_word' id='word_1_161' title='bbox 884 2946 940 3009; x_wconf 81' lang='lat' dir='ltr'><strong>ege</strong></span> <span class='ocrx_word' id='word_1_162' title='bbox 959 2933 1063 3014; x_wconf 86' lang='lat' dir='ltr'><strong>jussus</strong></span> <span class='ocrx_word' id='word_1_163' title='bbox 1085 2935 1114 2997; x_wconf 92' lang='lat' dir='ltr'><strong>in</strong></span> <span class='ocrx_word' id='word_1_164' title='bbox 1138 2935 1229 2998; x_wconf 87' lang='lat' dir='ltr'><strong>altum</strong></span> 
     </span>
     <span class='ocr_line' id='line_1_25' title="bbox 381 3039 1234 3123; baseline 0.008 -23"><span class='ocrx_word' id='word_1_165' title='bbox 381 3039 565 3102; x_wconf 86' lang='lat' dir='ltr'><strong>Sustuleram</strong></span> <span class='ocrx_word' id='word_1_166' title='bbox 586 3045 737 3114; x_wconf 82' lang='lat' dir='ltr'><strong>mentum3</strong></span> <span class='ocrx_word' id='word_1_167' title='bbox 760 3039 813 3101; x_wconf 86' lang='lat' dir='ltr'><strong>sed</strong></span> <span class='ocrx_word' id='word_1_168' title='bbox 834 3039 885 3102; x_wconf 78' lang='lat' dir='ltr'><strong>ulai</strong></span> <span class='ocrx_word' id='word_1_169' title='bbox 905 3061 953 3104; x_wconf 87' lang='lat' dir='ltr'><strong>me</strong></span> <span class='ocrx_word' id='word_1_170' title='bbox 975 3061 1101 3123; x_wconf 81' lang='lat' dir='ltr'><strong>poscere</strong></span> <span class='ocrx_word' id='word_1_171' title='bbox 1122 3045 1234 3108; x_wconf 78' lang='lat' dir='ltr'><strong>nultum</strong></span> 
     </span>
     <span class='ocr_line' id='line_1_26' title="bbox 380 3148 1109 3231; baseline 0.007 -20"><span class='ocrx_word' id='word_1_172' title='bbox 380 3149 439 3211; x_wconf 82' lang='lat' dir='ltr'><strong>l‘er</strong></span> <span class='ocrx_word' id='word_1_173' title='bbox 458 3149 579 3212; x_wconf 89' lang='lat' dir='ltr'><strong>barbam</strong></span> <span class='ocrx_word' id='word_1_174' title='bbox 601 3148 702 3222; x_wconf 83' lang='lat' dir='ltr'><strong>veluit,</strong></span> <span class='ocrx_word' id='word_1_175' title='bbox 726 3158 772 3211; x_wconf 89' lang='grc'><strong>551</strong></span> <span class='ocrx_word' id='word_1_176' title='bbox 792 3149 872 3222; x_wconf 82' lang='lat' dir='ltr'><strong>neri,</strong></span> <span class='ocrx_word' id='word_1_177' title='bbox 895 3151 982 3231; x_wconf 90' lang='lat' dir='ltr'><strong>quale</strong></span> <span class='ocrx_word' id='word_1_178' title='bbox 1004 3153 1109 3216; x_wconf 81' lang='lat' dir='ltr'><strong>lateret</strong></span> 
     </span>
     <span class='ocr_line' id='line_1_27' title="bbox 379 3257 1197 3343; baseline 0.007 -23"><span class='ocrx_word' id='word_1_179' title='bbox 379 3258 466 3320; x_wconf 82' lang='lat' dir='ltr'><strong>Virus</strong></span> <span class='ocrx_word' id='word_1_180' title='bbox 488 3257 519 3321; x_wconf 91' lang='lat' dir='ltr'><strong>in</strong></span> <span class='ocrx_word' id='word_1_181' title='bbox 541 3259 600 3322; x_wconf 91' lang='lat' dir='ltr'><strong>hoo</strong></span> <span class='ocrx_word' id='word_1_182' title='bbox 621 3259 710 3321; x_wconf 85' lang='lat' dir='ltr'><strong>dicte.</strong></span> <span class='ocrx_word' id='word_1_183' title='bbox 753 3259 915 3340; x_wconf 87' lang='lat' dir='ltr'><strong>Postquam</strong></span> <span class='ocrx_word' id='word_1_184' title='bbox 938 3260 1052 3324; x_wconf 85' lang='lat' dir='ltr'><strong>sublata</strong></span> <span class='ocrx_word' id='word_1_185' title='bbox 1074 3263 1197 3343; x_wconf 80' lang='lat' dir='ltr'><strong>figuram</strong></span> 
     </span>
     <span class='ocr_line' id='line_1_28' title="bbox 330 3367 1146 3449; baseline 0.005 -18"><span class='ocrx_word' id='word_1_186' title='bbox 330 3379 364 3431; x_wconf 83' lang='lat' dir='ltr'><strong>tu</strong></span> <span class='ocrx_word' id='word_1_187' title='bbox 381 3367 525 3448; x_wconf 84' lang='lat' dir='ltr'><strong>Expendit</strong></span> <span class='ocrx_word' id='word_1_188' title='bbox 545 3367 648 3442; x_wconf 85' lang='lat' dir='ltr'><strong>iacies,</strong></span> <span class='ocrx_word' id='word_1_189' title='bbox 671 3369 868 3449; x_wconf 75' lang='lat' dir='ltr'><strong>pulcherrima</strong></span> <span class='ocrx_word' id='word_1_190' title='bbox 890 3370 975 3433; x_wconf 86' lang='lat' dir='ltr'><strong>turba</strong></span> <span class='ocrx_word' id='word_1_191' title='bbox 996 3371 1146 3435; x_wconf 81' lang='grc'><strong>5515515555</strong></span> 
     </span>
     <span class='ocr_line' id='line_1_29' title="bbox 379 3477 1146 3564; baseline 0.007 -25"><span class='ocrx_word' id='word_1_192' title='bbox 379 3478 448 3564; x_wconf 72' lang='grc'><strong>1555</strong></span> <span class='ocrx_word' id='word_1_193' title='bbox 465 3477 538 3540; x_wconf 89' lang='lat' dir='ltr'><strong>rnihi</strong></span> <span class='ocrx_word' id='word_1_194' title='bbox 560 3479 713 3558; x_wconf 86' lang='lat' dir='ltr'><strong>quaerenti</strong></span> <span class='ocrx_word' id='word_1_195' title='bbox 735 3497 803 3541; x_wconf 87' lang='lat' dir='ltr'><strong>sese</strong></span> <span class='ocrx_word' id='word_1_196' title='bbox 823 3479 968 3559; x_wconf 87' lang='lat' dir='ltr'><strong>praebere</strong></span> <span class='ocrx_word' id='word_1_197' title='bbox 989 3481 1146 3545; x_wconf 74' lang='grc'><strong>5151551155]</strong></span> 
     </span>
     <span class='ocr_line' id='line_1_30' title="bbox 380 3586 1262 3671; baseline 0.008 -22"><span class='ocrx_word' id='word_1_198' title='bbox 380 3586 505 3662; x_wconf 85' lang='grc'><strong>115511111,</strong></span> <span class='ocrx_word' id='word_1_199' title='bbox 529 3596 559 3650; x_wconf 92' lang='grc'><strong>51</strong></span> <span class='ocrx_word' id='word_1_200' title='bbox 580 3607 683 3668; x_wconf 79' lang='lat' dir='ltr'><strong>paream</strong></span> <span class='ocrx_word' id='word_1_201' title='bbox 705 3589 802 3651; x_wconf 81' lang='lat' dir='ltr'><strong>adhue</strong></span> <span class='ocrx_word' id='word_1_202' title='bbox 822 3597 885 3651; x_wconf 88' lang='lat' dir='ltr'><strong>tute</strong></span> <span class='ocrx_word' id='word_1_203' title='bbox 908 3599 954 3652; x_wconf 89' lang='grc'><strong>551</strong></span> <span class='ocrx_word' id='word_1_204' title='bbox 974 3591 1108 3671; x_wconf 85' lang='lat' dir='ltr'><strong>inspecta</strong></span> <span class='ocrx_word' id='word_1_205' title='bbox 1129 3591 1262 3656; x_wconf 74' lang='lat' dir='ltr'><strong>lisama</strong></span> 
     </span>
     <span class='ocr_line' id='line_1_31' title="bbox 380 3695 1295 3780; baseline 0.011 -23"><span class='ocrx_word' id='word_1_206' title='bbox 380 3699 473 3758; x_wconf 74' lang='lat' dir='ltr'><strong>nme</strong></span> <span class='ocrx_word' id='word_1_207' title='bbox 495 3697 593 3758; x_wconf 91' lang='lat' dir='ltr'><strong>oculo.</strong></span> <span class='ocrx_word' id='word_1_208' title='bbox 615 3729 657 3742; x_wconf 92' lang='lat'>—</span> <span class='ocrx_word' id='word_1_209' title='bbox 678 3695 730 3758; x_wconf 88' lang='lat' dir='ltr'><strong>llla</strong></span> <span class='ocrx_word' id='word_1_210' title='bbox 751 3697 854 3772; x_wconf 87' lang='lat' dir='ltr'><strong>teram,</strong></span> <span class='ocrx_word' id='word_1_211' title='bbox 876 3706 980 3762; x_wconf 87' lang='lat' dir='ltr'><strong>natura</strong></span> <span class='ocrx_word' id='word_1_212' title='bbox 1003 3699 1131 3780; x_wconf 85' lang='lat' dir='ltr'><strong>duplice,</strong></span> <span class='ocrx_word' id='word_1_213' title='bbox 1155 3710 1184 3765; x_wconf 97' lang='grc'><strong>51</strong></span> <span class='ocrx_word' id='word_1_214' title='bbox 1205 3722 1295 3767; x_wconf 85' lang='lat' dir='ltr'><strong>unam</strong></span> 
     </span>
     <span class='ocr_line' id='line_1_32' title="bbox 379 3805 1081 3886; baseline 0.009 -20"><span class='ocrx_word' id='word_1_215' title='bbox 379 3805 471 3867; x_wconf 81' lang='lat' dir='ltr'><strong>Versa</strong></span> <span class='ocrx_word' id='word_1_216' title='bbox 492 3805 637 3868; x_wconf 86' lang='lat' dir='ltr'><strong>tuebatur.</strong></span> <span class='ocrx_word' id='word_1_217' title='bbox 680 3805 764 3868; x_wconf 77' lang='grc'><strong>111551</strong></span> <span class='ocrx_word' id='word_1_218' title='bbox 785 3805 841 3868; x_wconf 89' lang='lat' dir='ltr'><strong>sub</strong></span> <span class='ocrx_word' id='word_1_219' title='bbox 863 3807 992 3886; x_wconf 80' lang='lat' dir='ltr'><strong>tegmine</strong></span> <span class='ocrx_word' id='word_1_220' title='bbox 1013 3809 1081 3883; x_wconf 84' lang='grc'><strong>5511,</strong></span> 
     </span>
     <span class='ocr_line' id='line_1_33' title="bbox 330 3914 1346 4003; baseline 0.019 -34"><span class='ocrx_word' id='word_1_221' title='bbox 330 3914 535 3994; x_wconf 76' lang='lat' dir='ltr'><strong>narransque</strong></span> <span class='ocrx_word' id='word_1_222' title='bbox 557 3935 639 3977; x_wconf 90' lang='lat' dir='ltr'><strong>oram</strong></span> <span class='ocrx_word' id='word_1_223' title='bbox 659 3915 793 3988; x_wconf 81' lang='lat' dir='ltr'><strong>viridem,</strong></span> <span class='ocrx_word' id='word_1_224' title='bbox 815 3916 884 3996; x_wconf 90' lang='lat' dir='ltr'><strong>plus</strong></span> <span class='ocrx_word' id='word_1_225' title='bbox 902 3937 935 3980; x_wconf 86' lang='lat' dir='ltr'><strong>se</strong></span> <span class='ocrx_word' id='word_1_226' title='bbox 958 3919 1053 3998; x_wconf 88' lang='lat' dir='ltr'><strong>ipsam</strong></span> <span class='ocrx_word' id='word_1_227' title='bbox 1074 3920 1194 3984; x_wconf 83' lang='grc'><strong>5155555</strong></span> <span class='ocrx_word' id='word_1_228' title='bbox 1215 3925 1346 4003; x_wconf 83' lang='lat' dir='ltr'><strong>priscam</strong></span> 
     </span>
     <span class='ocr_line' id='line_1_34' title="bbox 381 4023 1482 4122; baseline 0.01 -36"><span class='ocrx_word' id='word_1_229' title='bbox 381 4025 448 4106; x_wconf 73' lang='lat' dir='ltr'><strong>losa</strong></span> <span class='ocrx_word' id='word_1_230' title='bbox 469 4023 630 4098; x_wconf 84' lang='lat' dir='ltr'><strong>videbatur,</strong></span> <span class='ocrx_word' id='word_1_231' title='bbox 654 4044 742 4105; x_wconf 86' lang='lat' dir='ltr'><strong>quam</strong></span> <span class='ocrx_word' id='word_1_232' title='bbox 764 4025 847 4100; x_wconf 89' lang='lat' dir='ltr'><strong>alias,</strong></span> <span class='ocrx_word' id='word_1_233' title='bbox 870 4045 936 4089; x_wconf 87' lang='lat' dir='ltr'><strong>cum</strong></span> <span class='ocrx_word' id='word_1_234' title='bbox 959 4038 1022 4091; x_wconf 84' lang='lat' dir='ltr'><strong>erat</strong></span> <span class='ocrx_word' id='word_1_235' title='bbox 1041 4029 1139 4092; x_wconf 90' lang='lat' dir='ltr'><strong>incola</strong></span> <span class='ocrx_word' id='word_1_236' title='bbox 1161 4041 1269 4098; x_wconf 81' lang='lat' dir='ltr'><strong>terrae.</strong></span> <span class='ocrx_word' id='word_1_237' title='bbox 1479 4094 1482 4122; x_wconf 70' lang='grc'><strong>,</strong></span> 
     </span>
     <span class='ocr_line' id='line_1_35' title="bbox 423 4128 1483 4214; baseline 0.01 -20"><span class='ocrx_word' id='word_1_238' title='bbox 423 4133 478 4194; x_wconf 75' lang='lat' dir='ltr'><strong>nac</strong></span> <span class='ocrx_word' id='word_1_239' title='bbox 500 4133 571 4194; x_wconf 69' lang='lat' dir='ltr'><strong>mela</strong></span> <span class='ocrx_word' id='word_1_240' title='bbox 594 4133 720 4213; x_wconf 66' lang='lat' dir='ltr'><strong>saonen</strong></span> <span class='ocrx_word' id='word_1_241' title='bbox 741 4135 877 4198; x_wconf 70' lang='lat' dir='ltr'><strong>sarmatas</strong></span> <span class='ocrx_word' id='word_1_242' title='bbox 897 4137 942 4198; x_wconf 76' lang='lat' dir='ltr'><strong>ns</strong></span> <span class='ocrx_word' id='word_1_243' title='bbox 964 4147 1043 4201; x_wconf 79' lang='lat' dir='ltr'><strong>ana</strong></span> <span class='ocrx_word' id='word_1_244' title='bbox 1067 4139 1189 4214; x_wconf 76' lang='lat' dir='ltr'><strong>notens,</strong></span> <span class='ocrx_word' id='word_1_245' title='bbox 1479 4128 1483 4205; x_wconf 90' lang='grc'><strong>1</strong></span> 
     </span>
     <span class='ocr_line' id='line_1_36' title="bbox 381 4243 1177 4323; baseline 0.009 -18"><span class='ocrx_word' id='word_1_246' title='bbox 381 4243 426 4316; x_wconf 86' lang='grc'><strong>111,</strong></span> <span class='ocrx_word' id='word_1_247' title='bbox 450 4261 525 4323; x_wconf 78' lang='lat' dir='ltr'><strong>qarae</strong></span> <span class='ocrx_word' id='word_1_248' title='bbox 547 4251 718 4306; x_wconf 84' lang='lat' dir='ltr'><strong>cunctarum</strong></span> <span class='ocrx_word' id='word_1_249' title='bbox 740 4263 839 4308; x_wconf 89' lang='lat' dir='ltr'><strong>rerum</strong></span> <span class='ocrx_word' id='word_1_250' title='bbox 860 4263 908 4308; x_wconf 85' lang='lat' dir='ltr'><strong>me</strong></span> <span class='ocrx_word' id='word_1_251' title='bbox 929 4249 1055 4311; x_wconf 80' lang='grc'><strong>55551555</strong></span> <span class='ocrx_word' id='word_1_252' title='bbox 1077 4267 1177 4313; x_wconf 77' lang='lat' dir='ltr'><strong>amore</strong></span> 
     </span>
     <span class='ocr_line' id='line_1_37' title="bbox 382 4353 1107 4424; baseline 0.01 -10"><span class='ocrx_word' id='word_1_253' title='bbox 382 4353 490 4424; x_wconf 84' lang='lat' dir='ltr'><strong>Torsit,</strong></span> <span class='ocrx_word' id='word_1_254' title='bbox 515 4363 685 4416; x_wconf 81' lang='lat' dir='ltr'><strong>carnotorum</strong></span> <span class='ocrx_word' id='word_1_255' title='bbox 707 4354 785 4416; x_wconf 87' lang='lat' dir='ltr'><strong>leret</strong></span> <span class='ocrx_word' id='word_1_256' title='bbox 805 4354 984 4418; x_wconf 82' lang='lat' dir='ltr'><strong>invisissima</strong></span> <span class='ocrx_word' id='word_1_257' title='bbox 1007 4375 1107 4420; x_wconf 79' lang='lat' dir='ltr'><strong>aeruna</strong></span> 
     </span>
    </p>
   </div>
   <div class='ocr_carea' id='block_1_3' title="bbox 1053 4546 1487 4571">
    <p class='ocr_par' dir='ltr' id='par_1_3' title="bbox 1053 4546 1487 4571">
     <span class='ocr_line' id='line_1_38' title="bbox 1053 4546 1487 4571; baseline -0.018 -3"><span class='ocrx_word' id='word_1_258' title='bbox 1053 4559 1114 4568; x_wconf 65' lang='grc'>...-</span> <span class='ocrx_word' id='word_1_259' title='bbox 1127 4559 1433 4571; x_wconf 74' lang='lat'><strong>-——---—-</strong></span> <span class='ocrx_word' id='word_1_260' title='bbox 1453 4546 1487 4568; x_wconf 66' lang='lat' dir='ltr'><strong>..a</strong></span> 
     </span>
    </p>
   </div>
   <div class='ocr_carea' id='block_1_4' title="bbox 0 0 1572 5164">
    <p class='ocr_par' dir='ltr' id='par_1_4' title="bbox 0 0 1572 5164">
     <span class='ocr_line' id='line_1_39' title="bbox 0 0 1572 5164; baseline 0 1"><span class='ocrx_word' id='word_1_261' title='bbox 0 0 1572 5164; x_wconf 95' lang='lat' dir='ltr'><strong> </strong></span> 
     </span>
    </p>
   </div>
  </div>
 </body>
</html>
