3142 5166
582 417 761 508 ounotnonu
778 419 826 468 ut.
943 399 945 404 '

208 632 292 698 lodie
314 635 372 698 lert
393 635 506 715 lignum
527 636 693 716 pretiosum
714 636 782 699 lueo
803 653 921 710 sereno,
1003 669 1004 672 ¹

160 747 230 808 tol
252 746 400 826 plagaque
422 763 545 818 neuma,
567 745 653 810 ‘lehre
675 746 834 819 tundente,
857 747 1064 842 smaragdus„

208 855 321 918 cuneta
342 856 418 918 hoee
438 855 514 918 vieto
538 858 638 918 forent
658 854 770 918 herbae
797 856 965 936 fletumque
988 857 1098 931 eoloro,

209 965 293 1038 Quos
314 964 405 1027 hebet
419 964 475 1028 ille
498 965 582 1027 sinus
603 965 737 1045 positos,
759 973 793 1028 ut
812 965 875 1027 vine
897 967 1044 1030 minorem

207 1075 268 1136 lien
288 1074 387 1155 major
405 1075 507 1136 vineit.
550 1074 655 1155 Neque
677 1075 719 1136 ibi
740 1085 844 1138 nature
867 1085 981 1138 emeret

207 1183 290 1246 Piotn
311 1183 419 1259 mod03
441 1191 488 1246 not
509 1184 597 1247 etiem
620 1191 739 1247 eentum
760 1184 886 1248 seriem
907 1185 1033 1248 odorum

159 1299 191 1351 te
207 1293 317 1356 Neseio
340 1292 410 1374 quid
432 1293 573 1366 mistum,
598 1293 677 1373 quod
700 1311 762 1354 uon
784 1293 968 1374 distinguere
988 1297 1099 1377 possin.

210 1402 382 1484 cespitibus
403 1403 479 1464 uiuis
500 1421 536 1464 oe
557 1402 684 1466 floribus
705 1403 871 1465 insidentes

207 1511 283 1574 ilino
305 1513 418 1575 unimus
439 1513 515 1587 vidi,
538 1531 613 1592 ques
634 1512 718 1575 vullis
740 1513 838 1592 ponde
860 1513 1018 1576 videndas*

206 1621 273 1685 Non
296 1621 492 1685 concedebat·
532 1621 631 1699 Soloe,
654 1617 787 1702 llept'no!
807 1622 952 1686 sonabunt

207 1733 300 1796 Canto
321 1733 427 1794 henum
448 1731 582 1813 pulsatae
605 1750 704 1794 auree.
748 1733 812 1794 Lux
833 1751 921 1812 pente
942 1734 1116 1814 priusquam

158 1846 191 1900 to
205 1841 272 1907 lem
293 1840 384 1904 euhet
405 1842 523 1904 oeeidui
544 1841 634 1915 Solis,
658 1842 715 1917 (sie
736 1861 788 1904 ore
810 1843 922 1922 proteri

207 1951 315 2032 Coepit
336 1951 529 2025 Suspensus,
552 1952 604 2032 qui
626 1969 683 2013 noo
706 1952 766 2012 huo
785 1961 900 2014 vertere
923 1969 1060 2031 gressum

208 2060 371 2139 Sueseret)
393 2062 515 2134 hortari,
537 2070 570 2123 ut
590 2079 654 2122 vos·
667 2059 811 2124 deducent
834 2079 941 2140 agmen
963 2063 1000 2124 ed
1022 2061 1111 2136 istud,

208 2169 351 2232 llesintte.
393 2171 457 2234 lino
477 2170 586 2238 melior
606 2171 697 2233 lussit
718 2171 756 2232 de
776 2189 851 2251 rupo
873 2171 997 2234 leonites

208 2279 421 2360 Cuiuscunque
442 2279 550 2360 proeul
570 2280 684 2342 vultum
712 2289 887 2360 gestumque
909 2281 1020 2354 tuendi,

159 2397 192 2454 85
209 2389 305 2462 Quem
328 2391 353 2452 sl
375 2390 551 2452 oomtuistos
572 2389 632 2452 illis
653 2407 708 2451 nos
730 2408 853 2469 eompun
873 2390 1007 2453 heberet.

248 2498 346 2561 Altior
365 2500 407 2574 io,
428 2500 483 2579 qui
504 2499 576 2564 neele
598 2499 703 2572 sedet,
726 2507 859 2580 nutuque
879 2499 997 2562 uidetur

207 2607 384 2685 Significatu
405 2627 471 2684 suo,
494 2628 528 2672 se
549 2609 727 2688 neglexisse,
750 2609 830 2689 qood
853 2628 979 2690 aequum

205 2717 323 2798 Parque
345 2719 405 2798 ipsi
427 2719 538 2782 leeisoe
560 2719 630 2794 snit,
653 2718 830 2798 mediusque
853 2728 977 2783 canente

205 2827 306 2890 Turba
327 2829 384 2890 alie
407 2827 485 2890 houd
507 2828 629 2891 hiscens
649 2829 756 2903 mutit,
775 2829 832 2892 luit
851 2829 1050 2911 ludupenutnr

156 2944 189 2997 tt
204 2937 399 3010 llunonnnus,
422 2937 499 3000 bene
522 2939 570 3000 eui
592 2939 687 3019 patuit
709 2957 815 3001 sonere
837 2947 970 3018 potentes

204 3047 347 3121 Vulnera,
372 3065 447 3127 quse
469 3048 581 3110 ltaliam
604 3049 753 3112 communi
777 3049 869 3112 enetle
891 3056 1051 3122 uenerun13

206 3157 305 3230 Quone
328 3175 388 3237 ope
408 3156 446 3219 ub
468 3157 590 3220 alterius
612 3175 682 3220 sero
704 3157 849 3220 solamina
870 3157 960 3220 duoit

245 3266 332 3339 Ater,
354 3267 405 3346 qui
427 3267 570 3330 alilietum
593 3275 666 3330 nutu
688 3283 825 3332 recreare
846 3267 970 3340 videtur,

204 3375 345 3438 Possedit
366 3385 492 3450 tenuem,
515 3376 595 3439 unde
617 3377 721 3452 oritur,
744 3393 820 3458 quoe
841 3385 937 3440 veotnt
957 3377 988 3438 in
1009 3377 1098 3440 Albin

156 3493 187 3546 tt
203 3485 287 3548 Unde
309 3487 407 3550 fluens
427 3486 566 3562 lloldam,
589 3493 678 3566 elpis
699 3487 786 3550 Albin
808 3489 1041 3566 transportatio
1063 3507 1183 3568 aequor.

202 3595 279 3657 liuie
302 3597 360 3658 luit
380 3595 557 3659 Oenoetuus
578 3611 707 3669 nomen,
731 3615 818 3676 quem
840 3595 926 3659 lentio
948 3607 1083 3677 egentem

203 3705 236 3766 ln
260 3706 347 3768 cunis
369 3715 494 3770 stratum
515 3707 670 3769 meliorem
691 3713 739 3768 est
758 3706 836 3768 lemn
857 3705 961 3780 luisse,

204 3815 300 3887 Quam
322 3815 518 3878 Vnneestnuu
539 3816 702 3897 puhenlem
723 3816 782 3878 hoo
802 3824 885 3895 petre
908 3825 1047 3890 creatum,

90 3844 93 4009 Ι
204 3924 300 3997 Quem
322 3925 398 3988 mole
421 3925 553 3988 luxuries
574 3933 604 3988 et
623 3923 724 3987 mollis
747 3925 851 3988 inertie
872 3935 1008 4006 poscunt.

140 4034 299 4116 tuteque
320 4036 347 4096 is
368 4035 543 4110 Nannenus,
566 4035 617 4116 qui
639 4034 808 4098 eonsultare
829 4035 946 4098 videtur

201 4143 289 4207 lllum
311 4153 443 4221 secreto,
467 4146 517 4226 qui
540 4145 632 4224 fulget
654 4145 752 4208 lroute
773 4163 888 4218 senem,

202 4253 324 4318 Nullane
346 4264 428 4335 terga
450 4256 594 4334 lugeene
614 4254 766 4318 dellornns
788 4253 849 4318 lilio
870 4255 970 4317 obivit

203 4364 338 4440 Gemite,
360 4374 395 4428 ut
415 4365 472 4428 inte
493 4364 555 4428 illio
576 4371 684 4446 peetus
705 4363 766 4426 sibi
788 4364 904 4438 modat,
927 4373 957 4427 et
978 4364 1052 4426 ulter

1153 4464 1181 4514 ll
1191 4461 1206 4495 *
