3144 5164
609 381 744 432 utututst
762 383 809 434 XX.
1213 382 1275 448 345

110 472 470 486 §.um—ou*-
913 475 979 482 -ιι-

204 599 314 673 Insula,
337 597 389 662 ubi
410 598 552 662 Aoebisis
574 598 685 663 cecidit
705 599 848 678 longaeve
869 607 1020 662 senectus.

203 709 301 790 thue
323 707 398 770 satis
419 715 530 786 pateat,
553 725 641 788 quam
665 708 799 772 sitieris
820 709 878 772 iste
899 709 1060 790 miserque,

204 819 368 882 Truccabit
389 817 543 897 Scriptura
564 825 669 892 notas,
690 837 767 900 quae
788 819 880 882 muita
902 819 1053 882 docebunt

204 929 318 1008 Exiguo
340 928 372 990 in
394 927 503 1008 spatio.
546 927 586 990 Et
606 926 706 1008 patrui
727 929 889 1008 fratrisque
910 929 1040 992 nefanda

143 1047 189 1101 luo
204 1039 294 1100 Facta
316 1036 513 1117 apparebunt,
535 1055 591 1116 per
612 1055 688 1116 quos
711 1047 770 1100 tam
793 1047 914 1105 strenua
936 1039 1043 1119 pubes,

204 1149 300 1228 Atque
323 1163 434 1209 corona
456 1144 566 1226 duplex
588 1146 612 1208 it
633 1163 700 1210 curu
722 1161 812 1227 grege
834 1167 1038 1214 carrucarum.

206 1257 326 1337 Quique
348 1257 429 1335 Tago
452 1265 501 1318 est
519 1273 581 1329 rex,
605 1257 717 1336 quique
738 1256 830 1320 uanis
853 1257 905 1318 dat
921 1259 1008 1339 jussa
1030 1265 1177 1338 proterva,

205 1367 324 1448 Quique
345 1366 409 1446 tppi
429 1365 533 1430 Veneti
556 1364 706 1428 simutorit
727 1365 832 1429 fraude
854 1368 1005 1430 numisma

203 1477 349 1558 illyricos,
372 1485 536 1539 noscentur
556 1475 609 1537 ibi.
651 1475 808 1538 Pannonia
829 1475 911 1550 felix,

141 1587 187 1643 1³5
204 1587 237 1650 Si
261 1587 380 1667 quanm
402 1585 529 1648 ulterius
549 1592 703 1646 vexantem
725 1585 804 1648 ferre
825 1585 959 1650 recuset!

205 1698 231 1760 0
253 1696 334 1769 ielis,
357 1696 394 1770 si,
417 1714 476 1775 quo
498 1693 703 1774 praecingitur
724 1695 867 1775 undique,
888 1705 991 1760 moute

203 1807 279 1869 Sese
300 1805 440 1868 Navarra,
453 1801 599 1866 amoenet!
622 1803 674 1870 Sic
696 1805 819 1868 eredere
840 1804 963 1884 dignum
985 1815 1047 1884 est;

203 1915 269 1978 Hoc
291 1914 401 1977 etenim
423 1913 531 1976 didicit
550 1913 611 1994 iam
632 1913 840 1992 Famauqusta,
863 1914 1015 1996 simulque

203 2025 325 2088 Nicosia
349 2025 380 2086 io
401 2041 502 2104 regem
524 2023 671 2103 pecudem
694 2007 881 2102 queribunda
903 2033 1049 2100 susurrat,

143 2147 188 2202 tta
206 2134 275 2210 Qui,
297 2135 368 2198 dum
390 2134 464 2204 elias
485 2133 622 2212 sequitur
643 2132 784 2213 pecudes,
807 2133 952 2196 excedere
973 2136 1079 2200 nescit.

702 2391 771 2475 tut.

250 2575 359 2650 Quum,
381 2574 433 2654 qui
454 2582 601 2636 terrarum
621 2573 750 2636 flammis
771 2591 863 2653 opera
885 2573 987 2636 omnia
1006 2573 1121 2650 lustrat,

204 2685 314 2749 Nostro
335 2685 514 2765 praecipitat
535 2682 694 2756 semiorbe,
716 2681 857 2762 nitorque
879 2682 939 2746 diei

205 2795 342 2876 Undique
364 2794 529 2864 conficitur,
552 2792 604 2873 qui
626 2792 729 2856 aether
750 2793 955 2858 tantammodo
977 2793 1014 2856 ab
1036 2793 1104 2876 ipso

204 2904 336 2986 ignescit
355 2903 496 2985 primum,
518 2903 677 2968 muitarum
700 2902 810 2966 iumine
832 2903 942 2978 lucum,

171 3017 238 3084 nln
262 3034 335 3096 quas
357 3033 417 3076 una
434 3013 524 3096 jubar
543 3013 652 3086 fundit,
674 3021 815 3076 renovata
836 3021 961 3093 repente

205 3123 346 3190 Ostendit
366 3125 493 3198 deccrm
514 3133 604 3202 etque
625 3122 699 3184 mibi
721 3122 796 3184 baec
818 3121 967 3187 succurrit
986 3121 1084 3202 imago

203 3234 351 3308 Aetheris,
374 3241 408 3296 ut
427 3233 531 3296 muudi
553 3241 584 3294 et
604 3232 764 3296 ductorum
783 3230 901 3310 insigne
923 3249 1045 3294 suorum

203 3347 238 3410 io
261 3353 366 3408 sancto
389 3344 482 3408 tacuit
501 3351 611 3407 rostro.
654 3341 727 3404 Nam
751 3339 865 3420 spiculo
887 3340 952 3402 vira

204 3453 414 3537 splendorum,
437 3453 532 3532 magis
554 3461 643 3532 etque
664 3451 761 3529 magis
781 3449 971 3526 flammantia,
995 3457 1101 3514 centus

157 3581 188 3633 1⁰
205 3567 377 3646 Coeperunt
395 3563 469 3626 mibi
491 3581 547 3642 pro
569 3561 679 3626 mentis
700 3561 807 3624 virtute
829 3561 969 3624 caducos.

245 3673 349 3738 Dulcis
369 3673 471 3746 Amor,
493 3671 575 3736 dulci
597 3689 685 3751 quem
707 3670 796 3734 vestit
817 3670 912 3750 gioria
932 3670 1006 3746 risu,

172 3789 179 3823 ¹
203 3787 340 3861 Quantus
362 3802 430 3846 eras
451 3783 510 3846 iilis
532 3782 649 3844 medius
671 3781 838 3860 fulgoribus
859 3779 978 3854 ardeus,

204 3895 298 3970 Queis
319 3911 397 3958 uuus
419 3899 541 3956 sanctos
564 3890 710 3954 subdebat
732 3891 854 3971 spiritus
876 3889 991 3956 aestus!

203 4007 403 4084 Posteaquam
425 4002 486 4065 cari
507 4002 703 4082 lucentesque
725 4000 794 4080 igne
817 4001 920 4083 taptttt,

156 4131 186 4186 15
204 4115 298 4189 Queis
321 4121 436 4176 sextum
457 4112 519 4177 ridi
540 4119 720 4191 gemmatum
740 4111 855 4190 sugere
875 4112 985 4186 lumen,

202 4223 353 4303 Angelicis
374 4223 488 4302 pariter
508 4222 609 4291 iecere
624 4220 749 4284 silentia
771 4221 890 4300 linguis,

202 4334 307 4396 Amnis
329 4349 384 4413 ego
407 4333 539 4396 sonitum
559 4330 650 4394 ricini
673 4329 777 4394 audire
797 4328 929 4406 videbar,

1215 477 1320 486 -.n-⁴.-

942 4529 1303 4541 -η--ι--ι-μ-.--ο
