3124 5170
536 465 730 518 rureuucnun
749 467 835 517 xxvii.

90 557 1303 582 W

658 751 786 834 xxvii.

228 913 381 968 Arrectam
403 923 436 966 se
458 903 620 968 sustulerat
636 904 699 984 jam
721 905 854 972 flamma,
878 904 977 984 quiete

188 1015 378 1095 Composita,
402 1013 526 1075 ulterius
547 1013 631 1075 fandi
652 1015 741 1074 finem
764 1033 816 1074 ore
838 1014 951 1086 datura,

188 1128 283 1205 Atque
305 1124 384 1196 ibat,
406 1122 486 1184 dulci
510 1123 587 1184 banc
608 1123 732 1184 missam
753 1123 881 1186 faciente
904 1131 1008 1203 poeta:

188 1233 287 1296 Altera
308 1233 426 1294 bamma
450 1251 536 1294 suum
559 1248 625 1294 cum
649 1241 762 1294 vertere
784 1233 896 1294 lumina
918 1233 999 1296 visus

155 1343 232 1408 abd
255 1361 347 1405 cornu
370 1342 486 1404 hortata
509 1349 572 1415 est,
595 1341 753 1404 abeuntem
775 1361 853 1421 pone
876 1353 987 1415 secuta,

188 1453 320 1514 Coniuso
342 1450 458 1523 sonitu,
482 1451 532 1530 qui
555 1450 689 1513 funditus
711 1449 894 1531 erumpebat.

230 1561 268 1622 Ut
290 1561 408 1622 Siculus
430 1569 547 1634 taums‚
571 1560 622 1640 qui
644 1561 725 1622 luctu
747 1560 895 1640 immugiit
915 1569 983 1624 ante

186 1670 271 1732 Illius
294 1673 395 1750 (uque
417 1670 447 1733 id
465 1672 535 1751 jure
556 1669 640 1747 fuit),
663 1670 713 1750 qui
735 1670 814 1732 hunc
835 1671 960 1732 finxerat
981 1680 1053 1745 arte,

187 1780 360 1860 Edebatque
382 1779 513 1842 bominis
535 1779 666 1859 mugiurs
687 1797 759 1842 voce
781 1779 920 1852 dolentis,

83 1948 85 1957 .
144 1890 239 1962 tulit,
263 1890 398 1970 quamvis
422 1897 500 1952 totns
523 1898 675 1952 constaret
695 1907 822 1969 corpore
845 1890 950 1962 abeno,

188 2001 256 2079 lpse
277 1999 428 2060 videretur
449 1999 582 2062 cmciatu
603 1999 736 2078 percitus
758 1998 835 2060 acri:

189 2109 239 2171 Sic
261 2108 396 2170 fraudata
417 2108 464 2169 via
486 2109 658 2189 pariterque
679 2108 842 2181 ieremine,
866 2107 902 2170 eb
925 2108 1004 2187 ignis

83 2244 85 2261 ·
188 2218 341 2298 Principio
363 2217 396 2278 in
416 2218 554 2280 ilammae
575 2237 709 2280 murmur
729 2235 763 2280 se
785 2217 883 2278 tristia
905 2217 993 2278 verba

83 2356 85 2403 !
188 2327 350 2390 Mutabant.
392 2329 430 2388 bt
450 2327 502 2388 ubi
523 2328 598 2390 brec
618 2328 714 2407 apicis
736 2345 791 2406 per
812 2326 921 2388 mobile
943 2344 1066 2388 acumen

145 2445 173 2498 15
189 2439 334 2501 invenere
355 2435 447 2510 riam,
470 2445 584 2500 motum
604 2436 750 2500 vibrantia
772 2436 909 2509 eundem,

190 2548 287 2622 Quem
308 2546 391 2627 prius
413 2546 534 2610 emissis
554 2547 681 2609 vibravit
700 2546 800 2626 lingua
822 2546 924 2620 locuti,

190 2657 269 2720 Haec
291 2675 347 2720 vox
368 2656 467 2718 audite
490 2665 551 2718 est:
575 2657 633 2730 Te,
656 2656 755 2718 verbis
777 2675 865 2736 quem
886 2655 1023 2736 alloquor
1044 2654 1120 2727 istis,

82 2744 85 2775 ¹
189 2767 324 2846 Namque
346 2765 435 2828 modo
457 2784 525 2828 cum
546 2766 649 2828 ithace
671 2775 701 2828 te
724 2767 864 2828 mensure
886 2774 934 2828 est
953 2765 1033 2827 fassa
1056 2764 1184 2845 loquela,

191 2876 332 2951 Quamvis
354 2875 510 2938 adveniam
530 2893 616 2938 serus
639 2875 782 2949 fortasse,
804 2875 915 2938 morari

82 2982 86 3077 1
144 2995 176 3048 au
190 2987 256 3048 Nou
278 2987 393 3067 pigeat,
415 3003 590 3065 mecumque
611 2985 704 3066 ioqui.
747 2987 838 3048 Potes
860 2985 927 3066 ipse
948 2984 1058 3057 ridere,

83 3084 86 3157 i
192 3097 227 3160 Ut
247 3115 296 3159 me
318 3113 378 3158 non
398 3095 519 3175 pigeat3
543 3113 722 3175 quamquam
743 3095 793 3156 bic
815 3113 862 3157 me
884 3096 1001 3158 flamma
1025 3094 1147 3173 pemrit.

83 3216 85 3249 ¹
191 3206 222 3272 Si
243 3206 334 3268 modo
356 3205 388 3266 in
409 3204 484 3266 baec
505 3211 539 3266 tu
559 3223 649 3282 regna
670 3204 733 3266 mis
756 3183 882 3282 caligine
905 3223 1004 3276 coeca,

83 3264 86 3401 b
191 3315 232 3378 Ex
252 3315 303 3377 illa
324 3313 404 3376 dulci
424 3313 527 3393 lapsus
549 3313 653 3376 tellure
673 3312 789 3386 Latina,

82 3410 86 3555 Ι
191 3425 273 3488 Unde
296 3442 352 3504 ego
374 3431 540 3486 transactae
561 3422 639 3486 vitae
661 3425 725 3485 iero
747 3421 872 3486 crimina
894 3431 1014 3497 cuncta3

144 3546 176 3600 aa
191 3535 243 3598 [tic
265 3533 359 3608 mibi,
380 3551 451 3595 num
471 3533 620 3596 beureria
642 3533 746 3614 popuii
767 3533 857 3596 medo
880 3531 1035 3594 commode
1056 3531 1149 3612 pacis,

192 3646 234 3707 bn
255 3643 367 3706 bobum
389 3651 534 3723 spectent
578 3643 686 3704 Fateor
706 3661 754 3704 me
776 3643 808 3705 in
829 3642 982 3704 montibus
1004 3649 1100 3704 ortum

83 3812 85 3823 ,
192 3753 295 3816 Urbini
316 3753 392 3814 fines
414 3752 492 3814 iutra
512 3752 656 3833 rupisque
677 3769 826 3824 recessus,

193 3863 275 3926 Unde
296 3861 364 3924 uuir
384 3861 494 3924 Tibris.
515 3895 557 3906 -
579 3861 678 3923 Prono
700 3871 762 3924 tum
784 3879 910 3941 corpore
931 3861 1045 3924 stabam

194 3974 341 4045 intentus,
365 3990 433 4034 cum
453 3989 502 4036 me
523 3970 641 4034 fodiens
663 3972 723 4034 dux
742 3969 852 4034 talibus
873 3969 953 4032 iniit:

147 4087 181 4140 tu
196 4082 239 4144 'l'u
259 4081 399 4161 loquere,
422 4080 564 4142 cubatio
586 4088 643 4144 est.
686 4080 767 4159 Ego,
788 4079 973 4161 respondere
994 4088 1115 4160 paratus

195 4191 291 4264 blico,
313 4190 359 4252 sic
380 4190 456 4252 solvi
478 4189 592 4254 celeres
614 4208 720 4252 voces:
742 4189 864 4264 Anima,
886 4189 954 4252 istis

195 4300 298 4363 nediu
320 4299 376 4362 sub
398 4299 535 4373 latebris,
559 4299 712 4362 manullo
735 4307 868 4382 tempore
891 4307 968 4364 terra

81 4446 85 4591 Ι
195 4411 365 4484 buterum,
388 4417 441 4472 eut
460 4409 558 4472 ceruit
577 4409 682 4483 bellis,
705 4427 782 4490 quae
804 4410 894 4474 corde
916 4407 1031 4490 tyranni
