3136 5164
316 416 379 478 262
735 415 1023 470 aurearouurxuu.
1269 363 1492 497 -Ἷ

276 511 649 522 ψ--ι--ι---υ-
1160 500 1492 541 ὴ--ι--ηι

383 633 524 712 Τιπςετεζ
546 651 582 694 ac
603 631 672 694 dein
695 649 831 711 quaeque
853 649 929 694 nero
951 633 1057 694 vestita
1079 609 1180 696 colore
1489 552 1493 699 d

383 743 507 816 Laetari,
530 749 599 804 ante
621 759 693 803 suas
716 759 804 820 quam
825 740 883 804 alie
907 739 1083 804 subsidere
1106 741 1192 806 Titan
1489 702 1493 761 Ῑ

383 850 598 932 Quadrupedes
616 851 736 931 jungat:
758 847 846 911 violis
868 851 942 913 baec
964 850 1085 913 rubrius
1107 850 1206 926 arbor,
1295 889 1302 902 ·

382 961 626 1041 Languidiusque
647 960 726 1022 rosis
747 959 807 1022 late
829 960 922 1022 decus
943 959 1128 1040 expandebat

332 1076 365 1140 55
382 1070 476 1132 Vitam
497 1069 632 1148 ingressa
655 1087 769 1142 navam,
793 1087 859 1130 curn
882 1087 982 1131 ramos
1003 1078 1071 1132 ante
1093 1069 1206 1134 soleret

383 1179 519 1242 Tendere
542 1180 586 1240 sic
607 1178 715 1242 nudas.
759 1179 856 1240 Mente
878 1178 956 1242 baud
978 1180 1194 1258 comprendere
1216 1181 1308 1260 quiri,

350 1269 355 1276 ’
381 1289 444 1351 Nec
465 1307 606 1350 numeros
629 1306 732 1350 omnes
754 1287 848 1360 licuit,
872 1307 928 1350 nec
949 1288 1038 1350 rerba
1062 1297 1176 1352 notare.

261 1384 264 1473 l
382 1400 507 1478 Fingere
531 1398 557 1458 si
578 1415 710 1477 possem,
733 1405 765 1458 ut
787 1415 892 1458 somno
916 1398 979 1460 lera
999 1397 1110 1460 lumina
1133 1399 1227 1462 rictus

261 1476 264 1553 d
383 1507 528 1570 Paulatim
550 1507 587 1569 ad
610 1505 714 1568 calami
736 1507 867 1568 sanium
888 1505 1044 1570 demiserit
1063 1508 1168 1586 argus,

261 1560 265 1663 ι
333 1632 366 1684 tlt
384 1617 518 1690 Lumina,
541 1615 627 1696 queis
650 1615 722 1678 tanti
744 1622 866 1678 steterat
887 1616 1025 1692 vigilasse
1046 1617 1168 1680 diurnas

383 1727 611 1804 Nocturnasque
632 1725 739 1798 boras;
762 1742 817 1787 ceu
840 1725 890 1805 qui
912 1725 1090 1806 exemplaria
1112 1735 1227 1807 spectat

383 1835 494 1908 Lictor,
517 1835 632 1914 etipse
654 1833 775 1896 modum
797 1833 957 1896 scribenda
979 1835 1122 1900 imitarier
1143 1839 1247 1911 ausina,

384 1947 451 2018 Quae
473 1963 521 2007 me
543 1943 674 2006 devinxit
695 1961 828 2006 somnus.
872 1944 932 2006 Sed
951 1944 1077 2024 quilibet
1098 1947 1178 2008 istud

383 2055 519 2116 Artifices
540 2060 646 2116 curent
666 2053 757 2114 ducti.
802 2053 901 2126 Quare
923 2053 998 2116 baec
1019 2071 1075 2132 ego
1096 2057 1192 2129 mitte,

264 2235 267 2246 ,
333 2164 525 2228 sublaturus
548 2163 643 2224 velum
667 2163 763 2226 somni
786 2171 820 2224 ut
839 2163 912 2225 mibi
934 2161 984 2226 lux
1005 2163 1102 2235 scidit,
1126 2175 1156 2228 et
1176 2185 1231 2228 rou

387 2255 564 2337 Clamantis':
587 2273 690 2350 Surge,
713 2292 732 2333 c
755 2273 825 2350 quid
848 2270 935 2349 agis?
957 2273 1025 2347 Quo
1047 2274 1138 2336 carde
1157 2275 1298 2350 lemnus,

389 2384 516 2456 Parrus,
538 2383 665 2443 lacerus
689 2389 853 2461 spectatum
874 2383 964 2446 millia
987 2384 1093 2446 llnrum
1209 2421 1212 2426 -

387 2494 482 2567 Ducti,
506 2491 592 2575 queis
615 2491 710 2554 malus
733 2489 862 2568 fulgebat
883 2491 968 2566 laeta,
992 2511 1106 2574 suoque

388 2601 544 2681 llngelices
565 2600 667 2664 turbae
690 2619 779 2681 pomo
801 2599 949 2664 alliciebat
972 2601 1099 2675 hiantes,

339 2720 374 2773 7⁰
389 2710 604 2791 Perpetuisque
625 2709 722 2790 epulis
744 2709 894 2790 sponsalia
916 2711 946 2772 in
968 2712 1088 2775 aethere
1110 2713 1224 2792 agebat,
1292 2709 1296 2716 '

389 2823 484 2900 Atque
506 2819 544 2880 ad
566 2837 599 2882 se
621 2819 691 2880 uicti
712 2818 835 2882 verbum
856 2821 973 2884 rediere
996 2822 1050 2884 sub
1072 2821 1155 2897 illud,

389 2929 448 2992 Per
470 2929 548 3008 qued
571 2927 701 3008 majores
723 2937 793 2990 sunt
813 2930 893 3008 pulsi
915 2939 1036 3011 pectore
1058 2935 1164 3006 somni,

388 3038 591 3118 Videmntque
613 3035 734 3100 schalae
752 3037 814 3117 jam
835 3039 984 3104 delenisse
1006 3041 1133 3117 sedales,

389 3149 495 3210 blesen
516 3148 682 3228 Euuuque,
703 3147 944 3228 immutatamque
965 3151 1097 3230 magistri

340 3268 373 3322 te
390 3259 466 3320 Esse
486 3256 637 3332 scholam
659 3258 718 3320 bac
738 3256 824 3330 redii,
847 3266 877 3320 et
898 3277 990 3339 super
1012 3259 1177 3326 adstantem
1200 3262 1281 3326 ilicet
1302 3265 1398 3345 ipsam
1562 3341 1563 3358 χ

389 3366 466 3439 Vidi,
489 3385 565 3447 quae
587 3367 683 3430 luerat
703 3366 752 3446 pia
775 3367 834 3430 dux
855 3369 892 3430 ad
913 3370 1045 3432 fluminis
1067 3372 1185 3446 undam,
1562 3381 1563 3436 i

394 3477 449 3539 Cui
472 3476 532 3538 dixi
555 3485 635 3538 totus
656 3476 825 3556 trepidans:
851 3477 917 3552 Qua
940 3491 986 3541 est
1007 3499 1091 3544 versa
1112 3481 1270 3545 Baianas?
1490 3462 1494 3569 ἱ

433 3587 488 3648 Ast
509 3584 574 3648 illa:
597 3586 674 3648 Ecce
694 3585 774 3648 banc
795 3605 883 3649 cerne
905 3607 980 3651 nova
1003 3589 1057 3652 sub
1081 3592 1186 3655 lrende
1207 3593 1362 3656 sedentem
1490 3592 1493 3625 ¹

391 3693 512 3758 Plantae
534 3693 570 3758 ad
592 3695 732 3758 radicem.
776 3694 974 3760 comitantum
996 3718 1085 3762 cerne
1108 3709 1269 3765 catervam:

342 3813 376 3868 8⁰
394 3805 516 3866 Caetera
537 3812 607 3884 pest
627 3804 773 3885 gryphum
795 3807 970 3870 conscendit
990 3809 1074 3871 turba
1096 3811 1230 3872 canendo

393 3913 514 3976 Dulcius
537 3932 573 3976 ac
593 3915 710 3992 gravius
732 3931 861 3978 carmen.
904 3917 966 3980 Nec
987 3919 1086 3982 dicere
1108 3919 1226 3992 scirem,

393 4021 502 4084 Fusicr
522 4041 560 4084 an
581 4023 670 4084 lande
693 4024 796 4098 luerit3
819 4025 891 4088 mibi
914 4045 981 4090 nam
1003 4028 1052 4090 illa
1074 4029 1193 4092 tenebat

394 4131 527 4194 intentes
550 4130 663 4206 oculos,
685 4133 757 4194 mibi
779 4153 855 4214 quae
876 4137 1076 4216 praecluserat
1097 4155 1202 4202 omnes

392 4241 458 4304 Jam
480 4259 603 4304 seusus:
626 4242 765 4322 nudaque
788 4245 853 4306 selo
875 4245 939 4308 snla
962 4247 1011 4310 itta
1033 4249 1163 4324 sedebat,

344 4367 377 4422 ss
396 4351 499 4426 Qualis
522 4369 598 4432 quae
620 4352 716 4433 posita
738 4365 784 4416 est
804 4353 865 4417 illic
886 4357 1022 4420 custodia
1043 4358 1179 4440 plaustri,
1491 4408 1494 4453 :

904 4526 1495 4574 —.-.-.—-„...-J

1489 2658 1493 2745 l
