3136 5164
549 407 731 460 educerent!
745 408 833 460 fflii.

210 627 217 639 .
352 626 358 640 .
474 625 480 638 .
507 606 516 638 s
751 627 758 640 .
980 629 986 640 .

185 627 255 688 Viva
277 627 433 690 hommum
453 626 515 688 rrdr
536 627 656 690 tamma
676 635 840 708 crepitante
862 645 997 690 cremerr.

227 738 375 800 Ductores
396 736 476 798 versi
497 755 544 798 me
566 753 728 816 respexere
749 735 888 816 benigue,

136 862 169 914 aa
185 847 400 926 Vmerarcsque
422 846 533 925 iuquit:
556 845 649 909 Dolor
668 845 720 908 hic
741 847 872 908 tortasse
894 845 1030 921 subesse,

74 860 79 1019 Ι
186 956 211 1018 Ο
233 956 287 1030 riti,
311 965 409 1036 queat,
433 964 463 1018 et
482 973 544 1016 ιιοιι
566 955 617 1033 qui
639 955 690 1018 det
711 972 836 1036 corpere
856 956 928 1018 icto.

184 1067 218 1128 ld
239 1085 385 1138 memora,
407 1064 437 1126 id
460 1082 601 1126 memora.
644 1063 730 1126 Etsi
752 1072 782 1126 ta
804 1065 916 1128 salvum
938 1066 1004 1146 ipse
1026 1067 1130 1131 reduxi

186 1176 317 1238 Gaurum
338 1173 522 1254 impositum,
545 1173 630 1252 queis
652 1191 708 1254 pro
730 1183 764 1236 te
781 1173 895 1238 simbus
915 1183 990 1247 utar,

75 1323 79 1383 Ι
184 1286 249 1348 Jem
273 1283 416 1366 propiore
438 1280 524 1346 Deo?
545 1283 663 1346 Maneat
683 1283 736 1346 tibi
757 1291 856 1346 mente
878 1291 998 1364 reposta

76 1387 79 1455 Ι
137 1405 170 1458 25
186 1394 268 1458 Haec
290 1412 351 1455 nen
371 1410 446 1455 rana
468 1393 560 1466 fides
576 1393 676 1456 medic
698 1392 724 1454 si
746 1401 778 1454 tu
800 1392 878 1471 iguis
900 1393 931 1456 in
953 1395 1018 1456 alvo

185 1504 266 1566 Mille
287 1521 382 1566 annos
402 1502 512 1584 jaceas,
534 1501 615 1565 hunc
636 1519 698 1564 acu
719 1501 773 1564 tibi
794 1520 886 1581 pesse
909 1503 1047 1582 cepillum

186 1613 367 1694 depraedari
388 1611 492 1674 ullum.
536 1611 623 1684 Quod
646 1611 672 1674 si
695 1619 727 1674 tu
749 1611 825 1672 torte
847 1612 965 1692 putabis

186 1723 234 1786 die
256 1723 328 1784 dara
350 1721 437 1784 rerba
463 1719 525 1788 ahi,
548 1739 616 1783 max
638 1728 668 1782 te
690 1720 799 1800 objice,
821 1730 852 1782 et
873 1722 939 1802 ipsa
960 1721 1106 1802 periclum

186 1833 312 1899 Dextera
334 1843 417 1894 veste
438 1839 486 1894 tua
508 1830 609 1892 iaciat.
650 1830 717 1892 Jam
738 1848 818 1910 ponc
840 1831 985 1904 timorem,

139 1959 171 2012 ee
187 1944 283 2022 Atque
306 1949 403 2004 metus
426 1959 546 2015 omnes3
567 1939 640 2002 ades
661 1939 730 2014 huc,
754 1940 888 2002 accedito
912 1949 1001 2004 tutus.

76 1941 80 2129 Ι
229 2053 284 2114 Ast
306 2067 362 2128 epo
384 2058 414 2112 et
435 2047 592 2112 obfirmare
613 2048 746 2113 animum
768 2058 857 2130 atque
879 2049 1019 2113 insistere
1044 2060 1146 2114 conus

76 2133 80 2287 Ι
187 2162 296 2226 Mentis
318 2158 476 2224 consitium
497 2159 611 2221 auctori
633 2177 740 2239 perere
758 2158 903 2240 jubentis.

76 2299 79 2442 Ι
188 2273 227 2334 Ut
246 2291 295 2334 me
316 2269 472 2351 proposito
494 2269 667 2331 haerentem
690 2277 779 2348 atque
802 2268 949 2331 obsistere
970 2277 1085 2332 certum

1310 1776 1314 1838 Ι

187 2382 277 2454 Vidit,
300 2379 435 2443 turbatus
456 2379 593 2457 paulum.
615 2377 701 2440 Nunc
722 2377 855 2458 adspice,
875 2378 937 2452 iili3

140 2509 171 2562 35
188 2491 292 2571 Teque
313 2490 544 2568 ersrcsuque
566 2488 644 2551 inter
660 2488 723 2568 jam
745 2488 875 2568 ponitur,
898 2488 1003 2568 inquit,
1308 2463 1314 2632 Ι

188 2601 245 2664 Hic
266 2598 378 2679 paries.
396 2639 398 2644 -
421 2598 515 2660 Veluti
537 2597 694 2660 clausurus
714 2598 826 2661 lumina
847 2606 953 2672 morte,

188 2709 233 2770 td
255 2727 366 2772 nemen
388 2707 516 2771 Thisbes
538 2727 573 2776 ca
595 2707 716 2770 sustulit
736 2725 848 2787 eraque
869 2707 996 2772 amentis

74 2804 78 2927 Ι
188 2819 331 2898 Pyramus
353 2826 517 2880 extremum
539 2817 683 2897 adspexit,
706 2835 774 2880 cum
795 2833 878 2880 mora
901 2825 1039 2880 crueatae

73 2930 77 3033 Ι
188 2929 352 2992 Induerent
374 2926 520 2990 maculas·
543 2926 598 3001 sic,
622 2946 698 3006 quse
720 2928 794 2990 mihi
815 2935 937 3008 pectem
958 2928 1087 3009 primum

74 3036 78 3107 Ι
140 3045 173 3098 tc
188 3039 364 3111 duruerant,
386 3038 460 3100 mihi
482 3045 545 3100 tum
566 3036 666 3099 subite
688 3036 846 3100 mitescere
868 3037 970 3112 sensi3

73 3114 77 3259 Ι
188 3148 317 3210 Nomine
340 3157 370 3210 et
390 3147 501 3219 audito
524 3145 604 3227 quod
626 3147 668 3209 mi
690 3165 786 3226 usque
806 3148 974 3210 renascitur
995 3147 1085 3222 intus,

189 3259 330 3332 Quaesivi
352 3257 461 3337 cupide
480 3257 644 3336 sapientem
667 3257 758 3321 carde
778 3255 961 3334 magistrum„
1026 3303 1033 3315 .

73 3228 78 3487 Ι
230 3367 285 3429 llle
307 3379 398 3447 caput
418 3385 578 3447 quassans·
603 3366 681 3439 Quid
703 3361 815 3428 nobis?
835 3364 954 3442 Ergone
976 3365 1114 3430 standum

73 3500 77 3573 Ι
187 3477 245 3539 Hic
267 3474 347 3539 erit?
368 3477 406 3538 Et
427 3485 495 3556 post
518 3475 593 3538 haec
614 3475 690 3548 risit
712 3475 792 3554 quod
814 3493 905 3555 saepe
925 3475 1026 3556 puelle

73 3597 76 3707 Ι
138 3598 170 3652 te
187 3587 236 3648 Fit
258 3585 358 3657 balbo,
381 3585 463 3667 pomi
486 3586 537 3665 qui
558 3585 654 3649 victus
676 3584 804 3663 imagine
827 3584 915 3646 cedit
971 3614 974 3622 ·

71 3746 75 3813 Ι
232 3696 357 3776 Inque
349 3711 433 3773 ignes
455 3695 571 3758 medios
592 3713 665 3777 prae
687 3713 735 3756 me
756 3713 791 3756 se
812 3695 936 3758 immisit
957 3703 986 3757 et
1008 3695 1121 3774 ipsum

72 3822 75 3838 '
190 3805 291 3869 Orarit
312 3805 454 3877 Satrius,
476 3804 590 3884 legaret
609 3803 731 3882 vestigia
752 3813 843 3876 retro,
904 3859 906 3864 ,

71 3853 75 3973 Ι
189 3915 249 3990 Qui
270 3915 400 3996 primum
420 3913 510 3993 longo
532 3934 566 3977 se
587 3914 750 3976 abduxerat
770 3912 933 3976 intervallo.

71 3976 75 4177 Ι
231 4024 270 4087 Ut
291 4025 439 4087 dammam
461 4024 576 4096 intravi,
598 4043 648 4086 me
670 4023 747 4086 saltu
769 4025 800 4086 iu
822 4033 925 4102 stagna
946 4023 1096 4087 dedissem

139 4149 173 4202 ec
188 4135 343 4196 Ferventis
365 4136 440 4208 vitri,
462 4143 497 4196 ut
516 4135 591 4196 mihi
612 4131 745 4196 membra
766 4143 887 4214 perusta
909 4133 1054 4207 levarem3

69 4194 74 4415 Ι
187 4243 290 4324 Usque
312 4243 387 4306 adeo
409 4245 475 4306 sine
496 4263 581 4306 more
602 4252 685 4306 atrox
706 4263 742 4306 sa
762 4245 880 4308 damme
902 4243 1026 4306 terebat.

187 4356 226 4417 tt
246 4363 331 4434 pater
352 4353 402 4416 ilie
423 4353 497 4418 miti
517 4353 614 4416 dulcis
635 4353 730 4416 lenire
751 4353 886 4416 dolorem

71 4496 73 4525 3
1116 4456 1147 4508 re
