<?xml version="1.0" encoding="UTF-8"?>
<!DOCTYPE html PUBLIC "-//W3C//DTD XHTML 1.0 Transitional//EN"
    "http://www.w3.org/TR/xhtml1/DTD/xhtml1-transitional.dtd">
<html xmlns="http://www.w3.org/1999/xhtml" xml:lang="en" lang="en">
 <head>
  <title>
</title>
<meta http-equiv="Content-Type" content="text/html;charset=utf-8" />
  <meta name='ocr-system' content='tesseract 3.04.00' />
  <meta name='ocr-capabilities' content='ocr_page ocr_carea ocr_par ocr_line ocrx_word'/>
</head>
<body>
  <div class='ocr_page' id='page_1' title='image "./divinacomoedia00piazgoog_0229.png"; bbox 0 0 3224 5166; ppageno 0'>
   <div class='ocr_carea' id='block_1_1' title="bbox 473 319 1495 339">
    <p class='ocr_par' dir='ltr' id='par_1_1' title="bbox 473 319 1495 339">
     <span class='ocr_line' id='line_1_1' title="bbox 473 319 1495 339; baseline 0 -7"><span class='ocrx_word' id='word_1_1' title='bbox 473 319 876 332; x_wconf 51' lang='lat' dir='ltr'><strong>mna—u———fl—</strong></span> <span class='ocrx_word' id='word_1_2' title='bbox 881 319 1495 339; x_wconf 70' lang='grc' dir='ltr'><strong>ι·ιι---ι--ιιιιιι----------------ι-ι----..,Ι</strong></span> 
     </span>
    </p>
   </div>
   <div class='ocr_carea' id='block_1_2' title="bbox 321 376 1001 442">
    <p class='ocr_par' dir='ltr' id='par_1_2' title="bbox 321 376 1001 442">
     <span class='ocr_line' id='line_1_2' title="bbox 321 376 1001 442; baseline -0.026 0"><span class='ocrx_word' id='word_1_3' title='bbox 321 377 378 442; x_wconf 79' lang='lat' dir='ltr'><strong>ibt</strong></span> <span class='ocrx_word' id='word_1_4' title='bbox 767 376 946 428; x_wconf 78' lang='lat' dir='ltr'><strong>ruucirouu</strong></span> <span class='ocrx_word' id='word_1_5' title='bbox 965 377 1001 426; x_wconf 87' lang='lat' dir='ltr'><strong>u.</strong></span> 
     </span>
    </p>
   </div>
   <div class='ocr_carea' id='block_1_3' title="bbox 192 581 1344 3076">
    <p class='ocr_par' dir='ltr' id='par_1_3' title="bbox 192 581 1344 3076">
     <span class='ocr_line' id='line_1_3' title="bbox 383 581 1147 677; baseline -0.008 -18"><span class='ocrx_word' id='word_1_6' title='bbox 383 597 482 677; x_wconf 81' lang='lat' dir='ltr'>Usque</span> <span class='ocrx_word' id='word_1_7' title='bbox 504 606 582 658; x_wconf 79' lang='lat' dir='ltr'><strong>ortes</strong></span> <span class='ocrx_word' id='word_1_8' title='bbox 604 595 703 676; x_wconf 87' lang='lat' dir='ltr'><strong>poscit</strong></span> <span class='ocrx_word' id='word_1_9' title='bbox 724 595 844 656; x_wconf 89' lang='lat' dir='ltr'><strong>solertis</strong></span> <span class='ocrx_word' id='word_1_10' title='bbox 867 581 1004 656; x_wconf 75' lang='lat' dir='ltr'><strong>acumine</strong></span> <span class='ocrx_word' id='word_1_11' title='bbox 1026 593 1147 666; x_wconf 86' lang='lat' dir='ltr'><strong>meotis,</strong></span> 
     </span>
     <span class='ocr_line' id='line_1_4' title="bbox 383 703 1175 781; baseline -0.005 -13"><span class='ocrx_word' id='word_1_12' title='bbox 383 707 421 768; x_wconf 83' lang='lat' dir='ltr'><strong>Et</strong></span> <span class='ocrx_word' id='word_1_13' title='bbox 442 706 553 767; x_wconf 80' lang='lat' dir='ltr'><strong>tomum</strong></span> <span class='ocrx_word' id='word_1_14' title='bbox 576 714 608 766; x_wconf 86' lang='lat' dir='ltr'><strong>et</strong></span> <span class='ocrx_word' id='word_1_15' title='bbox 627 713 746 767; x_wconf 87' lang='lat' dir='ltr'><strong>ventum</strong></span> <span class='ocrx_word' id='word_1_16' title='bbox 769 704 898 779; x_wconf 78' lang='lat' dir='ltr'><strong>ingenito</strong></span> <span class='ocrx_word' id='word_1_17' title='bbox 921 703 1028 764; x_wconf 84' lang='lat' dir='ltr'><strong>virtute</strong></span> <span class='ocrx_word' id='word_1_18' title='bbox 1049 712 1175 781; x_wconf 86' lang='lat' dir='ltr'><strong>repente</strong></span> 
     </span>
     <span class='ocr_line' id='line_1_5' title="bbox 384 810 1240 887; baseline -0.004 -10"><span class='ocrx_word' id='word_1_19' title='bbox 384 816 482 877; x_wconf 83' lang='lat' dir='ltr'><strong>bievit.</strong></span> <span class='ocrx_word' id='word_1_20' title='bbox 505 847 547 858; x_wconf 92' lang='grc'><strong>-</strong></span> <span class='ocrx_word' id='word_1_21' title='bbox 567 815 623 876; x_wconf 90' lang='lat' dir='ltr'><strong>Ubi</strong></span> <span class='ocrx_word' id='word_1_22' title='bbox 646 822 693 876; x_wconf 90' lang='lat' dir='ltr'><strong>est</strong></span> <span class='ocrx_word' id='word_1_23' title='bbox 714 813 858 876; x_wconf 80' lang='lat' dir='ltr'><strong>exstinctu</strong></span> <span class='ocrx_word' id='word_1_24' title='bbox 880 811 962 883; x_wconf 86' lang='lat' dir='ltr'><strong>dies,</strong></span> <span class='ocrx_word' id='word_1_25' title='bbox 986 811 1112 887; x_wconf 78' lang='lat' dir='ltr'><strong>caligine</strong></span> <span class='ocrx_word' id='word_1_26' title='bbox 1134 810 1240 874; x_wconf 82' lang='lat' dir='ltr'><strong>veliem</strong></span> 
     </span>
     <span class='ocr_line' id='line_1_6' title="bbox 192 920 1148 1001; baseline 0 -19"><span class='ocrx_word' id='word_1_27' title='bbox 192 951 197 960; x_wconf 95' lang='lat'>·</span> <span class='ocrx_word' id='word_1_28' title='bbox 318 926 407 985; x_wconf 75' lang='lat' dir='ltr'><strong>ttob</strong></span> <span class='ocrx_word' id='word_1_29' title='bbox 429 924 515 986; x_wconf 82' lang='lat' dir='ltr'><strong>Prato</strong></span> <span class='ocrx_word' id='word_1_30' title='bbox 537 924 643 1001; x_wconf 68' lang='lat' dir='ltr'><strong>bisque</strong></span> <span class='ocrx_word' id='word_1_31' title='bbox 666 923 696 984; x_wconf 91' lang='lat' dir='ltr'><strong>iu</strong></span> <span class='ocrx_word' id='word_1_32' title='bbox 719 920 985 984; x_wconf 79' lang='lat' dir='ltr'><strong>coelumsublime</strong></span> <span class='ocrx_word' id='word_1_33' title='bbox 1006 920 1148 982; x_wconf 83' lang='lat' dir='ltr'><strong>micantis</strong></span> 
     </span>
     <span class='ocr_line' id='line_1_7' title="bbox 383 1029 1319 1112; baseline -0.003 -17"><span class='ocrx_word' id='word_1_34' title='bbox 383 1035 491 1095; x_wconf 84' lang='lat' dir='ltr'><strong>Montis</strong></span> <span class='ocrx_word' id='word_1_35' title='bbox 514 1033 550 1093; x_wconf 83' lang='lat' dir='ltr'><strong>ad</strong></span> <span class='ocrx_word' id='word_1_36' title='bbox 573 1051 668 1111; x_wconf 84' lang='lat' dir='ltr'><strong>usque</strong></span> <span class='ocrx_word' id='word_1_37' title='bbox 687 1031 793 1112; x_wconf 79' lang='lat' dir='ltr'><strong>jugum</strong></span> <span class='ocrx_word' id='word_1_38' title='bbox 813 1031 893 1093; x_wconf 84' lang='lat' dir='ltr'><strong>texit</strong></span> <span class='ocrx_word' id='word_1_39' title='bbox 938 1030 1011 1092; x_wconf 88' lang='lat' dir='ltr'><strong>Dein</strong></span> <span class='ocrx_word' id='word_1_40' title='bbox 1033 1029 1165 1109; x_wconf 78' lang='lat' dir='ltr'><strong>desuper</strong></span> <span class='ocrx_word' id='word_1_41' title='bbox 1185 1031 1319 1092; x_wconf 64' lang='lat' dir='ltr'><strong>ambrum</strong></span> 
     </span>
     <span class='ocr_line' id='line_1_8' title="bbox 383 1138 1201 1220; baseline -0.004 -17"><span class='ocrx_word' id='word_1_42' title='bbox 383 1142 561 1213; x_wconf 71' lang='lat' dir='ltr'><strong>Admonuit,</strong></span> <span class='ocrx_word' id='word_1_43' title='bbox 586 1143 742 1219; x_wconf 85' lang='lat' dir='ltr'><strong>ioetueque</strong></span> <span class='ocrx_word' id='word_1_44' title='bbox 764 1140 796 1202; x_wconf 93' lang='lat' dir='ltr'><strong>iu</strong></span> <span class='ocrx_word' id='word_1_45' title='bbox 818 1157 926 1220; x_wconf 84' lang='lat' dir='ltr'><strong>equam</strong></span> <span class='ocrx_word' id='word_1_46' title='bbox 947 1138 1201 1201; x_wconf 74' lang='lat' dir='ltr'><strong>dissolvitur-aer.</strong></span> 
     </span>
     <span class='ocr_line' id='line_1_9' title="bbox 365 1245 1266 1330; baseline -0.001 -19"><span class='ocrx_word' id='word_1_47' title='bbox 365 1245 368 1258; x_wconf 85' lang='lat'>&#39;</span> <span class='ocrx_word' id='word_1_48' title='bbox 425 1250 624 1328; x_wconf 76' lang='lat' dir='ltr'><strong>Praecipitant</strong></span> <span class='ocrx_word' id='word_1_49' title='bbox 644 1249 772 1322; x_wconf 88' lang='lat' dir='ltr'><strong>imbres,</strong></span> <span class='ocrx_word' id='word_1_50' title='bbox 795 1258 824 1311; x_wconf 92' lang='lat' dir='ltr'><strong>et</strong></span> <span class='ocrx_word' id='word_1_51' title='bbox 846 1267 922 1328; x_wconf 90' lang='lat' dir='ltr'><strong>quos</strong></span> <span class='ocrx_word' id='word_1_52' title='bbox 940 1249 1001 1329; x_wconf 81' lang='lat' dir='ltr'><strong>jem</strong></span> <span class='ocrx_word' id='word_1_53' title='bbox 1024 1255 1102 1310; x_wconf 81' lang='lat' dir='ltr'><strong>terra</strong></span> <span class='ocrx_word' id='word_1_54' title='bbox 1124 1247 1266 1330; x_wconf 70' lang='lat' dir='ltr'><strong>nequibat</strong></span> 
     </span>
     <span class='ocr_line' id='line_1_10' title="bbox 384 1358 1225 1440; baseline -0.001 -19"><span class='ocrx_word' id='word_1_55' title='bbox 384 1360 543 1438; x_wconf 75' lang='lat' dir='ltr'><strong>Accipere,</strong></span> <span class='ocrx_word' id='word_1_56' title='bbox 565 1359 596 1420; x_wconf 90' lang='lat' dir='ltr'><strong>io</strong></span> <span class='ocrx_word' id='word_1_57' title='bbox 619 1360 718 1440; x_wconf 73' lang='lat' dir='ltr'><strong>[ossus</strong></span> <span class='ocrx_word' id='word_1_58' title='bbox 740 1359 806 1420; x_wconf 78' lang='lat' dir='ltr'><strong>tulit</strong></span> <span class='ocrx_word' id='word_1_59' title='bbox 827 1359 969 1438; x_wconf 85' lang='lat' dir='ltr'><strong>impetus,</strong></span> <span class='ocrx_word' id='word_1_60' title='bbox 992 1365 1083 1437; x_wconf 84' lang='lat' dir='ltr'><strong>utque</strong></span> <span class='ocrx_word' id='word_1_61' title='bbox 1105 1358 1225 1420; x_wconf 84' lang='lat' dir='ltr'><strong>duentis</strong></span> 
     </span>
     <span class='ocr_line' id='line_1_11' title="bbox 320 1467 1177 1547; baseline -0.001 -16"><span class='ocrx_word' id='word_1_62' title='bbox 320 1479 367 1534; x_wconf 78' lang='lat' dir='ltr'><strong>rto</strong></span> <span class='ocrx_word' id='word_1_63' title='bbox 384 1469 449 1532; x_wconf 82' lang='lat' dir='ltr'><strong>Mos</strong></span> <span class='ocrx_word' id='word_1_64' title='bbox 471 1467 551 1530; x_wconf 80' lang='lat' dir='ltr'><strong>solet</strong></span> <span class='ocrx_word' id='word_1_65' title='bbox 570 1486 639 1529; x_wconf 86' lang='lat' dir='ltr'><strong>esse</strong></span> <span class='ocrx_word' id='word_1_66' title='bbox 661 1467 786 1547; x_wconf 79' lang='lat' dir='ltr'><strong>amplis,</strong></span> <span class='ocrx_word' id='word_1_67' title='bbox 807 1467 903 1530; x_wconf 84' lang='lat' dir='ltr'><strong>undae</strong></span> <span class='ocrx_word' id='word_1_68' title='bbox 925 1475 1039 1529; x_wconf 65' lang='lat' dir='ltr'><strong>uexere</strong></span> <span class='ocrx_word' id='word_1_69' title='bbox 1061 1467 1177 1530; x_wconf 81' lang='lat' dir='ltr'><strong>rubrum</strong></span> 
     </span>
     <span class='ocr_line' id='line_1_12' title="bbox 386 1575 1195 1666; baseline -0.001 -27"><span class='ocrx_word' id='word_1_70' title='bbox 386 1578 459 1639; x_wconf 80' lang='lat' dir='ltr'><strong>Tem</strong></span> <span class='ocrx_word' id='word_1_71' title='bbox 479 1576 584 1656; x_wconf 79' lang='lat' dir='ltr'><strong>rapide</strong></span> <span class='ocrx_word' id='word_1_72' title='bbox 606 1577 637 1638; x_wconf 90' lang='lat' dir='ltr'><strong>iu</strong></span> <span class='ocrx_word' id='word_1_73' title='bbox 659 1577 770 1640; x_wconf 88' lang='lat' dir='ltr'><strong>dumeu</strong></span> <span class='ocrx_word' id='word_1_74' title='bbox 791 1577 905 1654; x_wconf 73' lang='lat' dir='ltr'><strong>regule.</strong></span> <span class='ocrx_word' id='word_1_75' title='bbox 930 1585 962 1640; x_wconf 94' lang='lat' dir='ltr'><strong>ut</strong></span> <span class='ocrx_word' id='word_1_76' title='bbox 984 1575 1063 1638; x_wconf 76' lang='lat' dir='ltr'><strong>uude</strong></span> <span class='ocrx_word' id='word_1_77' title='bbox 1084 1575 1195 1666; x_wconf 77' lang='lat' dir='ltr'><strong>reieret</strong></span> 
     </span>
     <span class='ocr_line' id='line_1_13' title="bbox 386 1685 1270 1765; baseline 0.001 -18"><span class='ocrx_word' id='word_1_78' title='bbox 386 1687 435 1748; x_wconf 83' lang='lat' dir='ltr'><strong>Vis</strong></span> <span class='ocrx_word' id='word_1_79' title='bbox 457 1685 617 1765; x_wconf 87' lang='lat' dir='ltr'><strong>probibere</strong></span> <span class='ocrx_word' id='word_1_80' title='bbox 632 1686 759 1751; x_wconf 82' lang='lat' dir='ltr'><strong>molum.</strong></span> <span class='ocrx_word' id='word_1_81' title='bbox 802 1685 866 1748; x_wconf 80' lang='lat' dir='ltr'><strong>bier</strong></span> <span class='ocrx_word' id='word_1_82' title='bbox 887 1686 998 1762; x_wconf 73' lang='lat' dir='ltr'><strong>bigore</strong></span> <span class='ocrx_word' id='word_1_83' title='bbox 1019 1685 1151 1748; x_wconf 82' lang='lat' dir='ltr'><strong>membru</strong></span> <span class='ocrx_word' id='word_1_84' title='bbox 1173 1685 1270 1748; x_wconf 81' lang='lat' dir='ltr'><strong>solute</strong></span> 
     </span>
     <span class='ocr_line' id='line_1_14' title="bbox 384 1793 1191 1874; baseline 0 -16"><span class='ocrx_word' id='word_1_85' title='bbox 384 1795 522 1858; x_wconf 88' lang='lat' dir='ltr'><strong>lndomiti</strong></span> <span class='ocrx_word' id='word_1_86' title='bbox 544 1793 787 1858; x_wconf 70' lang='lat' dir='ltr'><strong>metientium</strong></span> <span class='ocrx_word' id='word_1_87' title='bbox 806 1795 902 1858; x_wconf 82' lang='lat' dir='ltr'><strong>auiert</strong></span> <span class='ocrx_word' id='word_1_88' title='bbox 917 1793 1078 1872; x_wconf 86' lang='lat' dir='ltr'><strong>improbus</strong></span> <span class='ocrx_word' id='word_1_89' title='bbox 1099 1793 1191 1874; x_wconf 90' lang='lat' dir='ltr'><strong>inque</strong></span> 
     </span>
     <span class='ocr_line' id='line_1_15' title="bbox 384 1903 1147 1984; baseline -0.003 -16"><span class='ocrx_word' id='word_1_90' title='bbox 384 1907 496 1968; x_wconf 76' lang='lat' dir='ltr'><strong>Arnum</strong></span> <span class='ocrx_word' id='word_1_91' title='bbox 518 1903 662 1984; x_wconf 76' lang='lat' dir='ltr'><strong>coniecit,</strong></span> <span class='ocrx_word' id='word_1_92' title='bbox 684 1904 831 1983; x_wconf 76' lang='lat' dir='ltr'><strong>solvitque</strong></span> <span class='ocrx_word' id='word_1_93' title='bbox 853 1924 870 1966; x_wconf 83' lang='lat' dir='ltr'><strong>e</strong></span> <span class='ocrx_word' id='word_1_94' title='bbox 890 1911 1012 1982; x_wconf 76' lang='lat' dir='ltr'><strong>pectore</strong></span> <span class='ocrx_word' id='word_1_95' title='bbox 1034 1921 1147 1976; x_wconf 79' lang='lat' dir='ltr'><strong>neum,</strong></span> 
     </span>
     <span class='ocr_line' id='line_1_16' title="bbox 322 2011 1322 2091; baseline -0.007 -8"><span class='ocrx_word' id='word_1_96' title='bbox 322 2030 369 2083; x_wconf 78' lang='lat' dir='ltr'><strong>ltu</strong></span> <span class='ocrx_word' id='word_1_97' title='bbox 386 2016 481 2089; x_wconf 82' lang='lat' dir='ltr'><strong>Quam</strong></span> <span class='ocrx_word' id='word_1_98' title='bbox 504 2014 608 2084; x_wconf 61' lang='lat' dir='ltr'><strong>iecere,</strong></span> <span class='ocrx_word' id='word_1_99' title='bbox 624 2030 744 2074; x_wconf 85' lang='lat' dir='ltr'><strong>crucem</strong></span> <span class='ocrx_word' id='word_1_100' title='bbox 763 2012 838 2074; x_wconf 90' lang='lat' dir='ltr'><strong>mibi</strong></span> <span class='ocrx_word' id='word_1_101' title='bbox 859 2013 995 2085; x_wconf 80' lang='lat' dir='ltr'><strong>brachia,</strong></span> <span class='ocrx_word' id='word_1_102' title='bbox 1019 2029 1087 2074; x_wconf 86' lang='lat' dir='ltr'><strong>cum</strong></span> <span class='ocrx_word' id='word_1_103' title='bbox 1108 2011 1194 2074; x_wconf 90' lang='lat' dir='ltr'><strong>dolor</strong></span> <span class='ocrx_word' id='word_1_104' title='bbox 1215 2014 1322 2091; x_wconf 79' lang='lat' dir='ltr'><strong>iugens</strong></span> 
     </span>
     <span class='ocr_line' id='line_1_17' title="bbox 385 2121 1206 2201; baseline -0.004 -14"><span class='ocrx_word' id='word_1_105' title='bbox 385 2124 432 2187; x_wconf 83' lang='lat' dir='ltr'><strong>bie</strong></span> <span class='ocrx_word' id='word_1_106' title='bbox 453 2123 523 2185; x_wconf 83' lang='lat' dir='ltr'><strong>vicit</strong></span> <span class='ocrx_word' id='word_1_107' title='bbox 543 2122 702 2193; x_wconf 84' lang='lat' dir='ltr'><strong>domitum,</strong></span> <span class='ocrx_word' id='word_1_108' title='bbox 725 2129 754 2183; x_wconf 90' lang='lat' dir='ltr'><strong>et</strong></span> <span class='ocrx_word' id='word_1_109' title='bbox 774 2139 829 2201; x_wconf 91' lang='lat' dir='ltr'><strong>per</strong></span> <span class='ocrx_word' id='word_1_110' title='bbox 849 2121 929 2200; x_wconf 83' lang='lat' dir='ltr'><strong>ripas</strong></span> <span class='ocrx_word' id='word_1_111' title='bbox 952 2121 1041 2184; x_wconf 79' lang='lat' dir='ltr'><strong>volvit</strong></span> <span class='ocrx_word' id='word_1_112' title='bbox 1062 2130 1094 2184; x_wconf 91' lang='lat' dir='ltr'><strong>et</strong></span> <span class='ocrx_word' id='word_1_113' title='bbox 1113 2123 1206 2186; x_wconf 87' lang='lat' dir='ltr'><strong>imum</strong></span> 
     </span>
     <span class='ocr_line' id='line_1_18' title="bbox 386 2230 1344 2311; baseline 0.001 -16"><span class='ocrx_word' id='word_1_114' title='bbox 386 2234 445 2295; x_wconf 85' lang='lat' dir='ltr'><strong>Per</strong></span> <span class='ocrx_word' id='word_1_115' title='bbox 466 2232 605 2305; x_wconf 74' lang='lat' dir='ltr'><strong>tuodum3</strong></span> <span class='ocrx_word' id='word_1_116' title='bbox 627 2230 734 2294; x_wconf 91' lang='lat' dir='ltr'><strong>deiude</strong></span> <span class='ocrx_word' id='word_1_117' title='bbox 755 2231 821 2309; x_wconf 89' lang='lat' dir='ltr'><strong>ipse</strong></span> <span class='ocrx_word' id='word_1_118' title='bbox 842 2249 897 2294; x_wconf 82' lang='lat' dir='ltr'><strong>sue</strong></span> <span class='ocrx_word' id='word_1_119' title='bbox 919 2231 1049 2292; x_wconf 87' lang='lat' dir='ltr'><strong>cinctum</strong></span> <span class='ocrx_word' id='word_1_120' title='bbox 1069 2239 1159 2311; x_wconf 84' lang='lat' dir='ltr'><strong>utque</strong></span> <span class='ocrx_word' id='word_1_121' title='bbox 1180 2234 1344 2296; x_wconf 75' lang='lat' dir='ltr'><strong>revinctum</strong></span> 
     </span>
     <span class='ocr_line' id='line_1_19' title="bbox 387 2340 1182 2420; baseline 0.003 -18"><span class='ocrx_word' id='word_1_122' title='bbox 387 2340 520 2404; x_wconf 79' lang='lat' dir='ltr'><strong>Advolrit</strong></span> <span class='ocrx_word' id='word_1_123' title='bbox 541 2340 659 2420; x_wconf 80' lang='lat' dir='ltr'><strong>praede.</strong></span> <span class='ocrx_word' id='word_1_124' title='bbox 703 2340 728 2402; x_wconf 91' lang='lat'>0</span> <span class='ocrx_word' id='word_1_125' title='bbox 750 2340 861 2418; x_wconf 78' lang='lat' dir='ltr'><strong>patries</strong></span> <span class='ocrx_word' id='word_1_126' title='bbox 884 2357 952 2402; x_wconf 90' lang='lat' dir='ltr'><strong>cum</strong></span> <span class='ocrx_word' id='word_1_127' title='bbox 972 2358 1078 2402; x_wconf 73' lang='lat' dir='ltr'><strong>bursus</strong></span> <span class='ocrx_word' id='word_1_128' title='bbox 1100 2342 1182 2404; x_wconf 84' lang='lat' dir='ltr'><strong>edire</strong></span> 
     </span>
     <span class='ocr_line' id='line_1_20' title="bbox 387 2449 1216 2528; baseline -0.002 -14"><span class='ocrx_word' id='word_1_129' title='bbox 387 2452 443 2516; x_wconf 83' lang='lat' dir='ltr'><strong>Fue</strong></span> <span class='ocrx_word' id='word_1_130' title='bbox 465 2451 519 2512; x_wconf 90' lang='lat' dir='ltr'><strong>tibi</strong></span> <span class='ocrx_word' id='word_1_131' title='bbox 540 2450 597 2512; x_wconf 90' lang='lat' dir='ltr'><strong>erit</strong></span> <span class='ocrx_word' id='word_1_132' title='bbox 617 2458 730 2521; x_wconf 77' lang='lat' dir='ltr'><strong>terres,</strong></span> <span class='ocrx_word' id='word_1_133' title='bbox 751 2449 928 2528; x_wconf 73' lang='lat' dir='ltr'><strong>dabiturque</strong></span> <span class='ocrx_word' id='word_1_134' title='bbox 950 2449 1106 2528; x_wconf 74' lang='lat' dir='ltr'><strong>quiescere</strong></span> <span class='ocrx_word' id='word_1_135' title='bbox 1127 2451 1216 2528; x_wconf 75' lang='lat' dir='ltr'><strong>longo</strong></span> 
     </span>
     <span class='ocr_line' id='line_1_21' title="bbox 322 2543 1182 2638; baseline 0.001 -16"><span class='ocrx_word' id='word_1_136' title='bbox 322 2564 411 2629; x_wconf 77' lang='lat' dir='ltr'><strong>ruet</strong></span> <span class='ocrx_word' id='word_1_137' title='bbox 432 2578 522 2622; x_wconf 87' lang='lat' dir='ltr'><strong>cursu</strong></span> <span class='ocrx_word' id='word_1_138' title='bbox 544 2567 631 2638; x_wconf 87' lang='lat' dir='ltr'><strong>atque</strong></span> <span class='ocrx_word' id='word_1_139' title='bbox 653 2557 755 2620; x_wconf 83' lang='lat' dir='ltr'><strong>labore</strong></span> <span class='ocrx_word' id='word_1_140' title='bbox 776 2558 840 2622; x_wconf 80' lang='lat' dir='ltr'><strong>viee</strong></span> <span class='ocrx_word' id='word_1_141' title='bbox 862 2543 919 2633; x_wconf 79' lang='lat' dir='ltr'><strong>(ric</strong></span> <span class='ocrx_word' id='word_1_142' title='bbox 940 2557 998 2620; x_wconf 79' lang='lat' dir='ltr'><strong>iate</strong></span> <span class='ocrx_word' id='word_1_143' title='bbox 1019 2559 1182 2623; x_wconf 79' lang='lat' dir='ltr'><strong>secundem</strong></span> 
     </span>
     <span class='ocr_line' id='line_1_22' title="bbox 387 2667 1261 2748; baseline 0 -18"><span class='ocrx_word' id='word_1_144' title='bbox 387 2669 487 2730; x_wconf 80' lang='lat' dir='ltr'><strong>Tertia</strong></span> <span class='ocrx_word' id='word_1_145' title='bbox 508 2676 579 2748; x_wconf 88' lang='lat' dir='ltr'><strong>post</strong></span> <span class='ocrx_word' id='word_1_146' title='bbox 599 2667 728 2730; x_wconf 79' lang='lat' dir='ltr'><strong>enimam</strong></span> <span class='ocrx_word' id='word_1_147' title='bbox 749 2671 824 2744; x_wconf 80' lang='lat' dir='ltr'><strong>est),</strong></span> <span class='ocrx_word' id='word_1_148' title='bbox 846 2667 926 2730; x_wconf 82' lang='lat' dir='ltr'><strong>beud</strong></span> <span class='ocrx_word' id='word_1_149' title='bbox 948 2667 1128 2730; x_wconf 79' lang='lat' dir='ltr'><strong>obliviscere</strong></span> <span class='ocrx_word' id='word_1_150' title='bbox 1147 2669 1261 2732; x_wconf 77' lang='lat' dir='ltr'><strong>nocui!</strong></span> 
     </span>
     <span class='ocr_line' id='line_1_23' title="bbox 262 2777 1244 2856; baseline 0 -16"><span class='ocrx_word' id='word_1_151' title='bbox 262 2796 264 2805; x_wconf 93' lang='lat'>·</span> <span class='ocrx_word' id='word_1_152' title='bbox 388 2778 460 2840; x_wconf 88' lang='lat' dir='ltr'><strong>Sum</strong></span> <span class='ocrx_word' id='word_1_153' title='bbox 482 2777 551 2850; x_wconf 84' lang='lat' dir='ltr'><strong>Pu,</strong></span> <span class='ocrx_word' id='word_1_154' title='bbox 574 2777 745 2852; x_wconf 78' lang='lat' dir='ltr'><strong>ure-genuit</strong></span> <span class='ocrx_word' id='word_1_155' title='bbox 766 2777 844 2838; x_wconf 78' lang='lat' dir='ltr'><strong>Seue</strong></span> <span class='ocrx_word' id='word_1_156' title='bbox 866 2777 1055 2856; x_wconf 74' lang='lat' dir='ltr'><strong>confecitque</strong></span> <span class='ocrx_word' id='word_1_157' title='bbox 1074 2777 1244 2852; x_wconf 59' lang='lat' dir='ltr'><strong>bimemme</strong></span> 
     </span>
     <span class='ocr_line' id='line_1_24' title="bbox 388 2884 1240 2967; baseline 0 -17"><span class='ocrx_word' id='word_1_158' title='bbox 388 2887 510 2966; x_wconf 87' lang='lat' dir='ltr'><strong>Scitque</strong></span> <span class='ocrx_word' id='word_1_159' title='bbox 529 2885 606 2949; x_wconf 82' lang='lat' dir='ltr'><strong>baec</strong></span> <span class='ocrx_word' id='word_1_160' title='bbox 624 2884 689 2957; x_wconf 80' lang='lat' dir='ltr'><strong>itte,</strong></span> <span class='ocrx_word' id='word_1_161' title='bbox 711 2886 796 2964; x_wconf 87' lang='lat' dir='ltr'><strong>prius</strong></span> <span class='ocrx_word' id='word_1_162' title='bbox 816 2886 889 2948; x_wconf 90' lang='lat' dir='ltr'><strong>mibi</strong></span> <span class='ocrx_word' id='word_1_163' title='bbox 911 2887 962 2967; x_wconf 93' lang='lat' dir='ltr'><strong>qui</strong></span> <span class='ocrx_word' id='word_1_164' title='bbox 984 2887 1108 2950; x_wconf 70' lang='lat' dir='ltr'><strong>donent</strong></span> <span class='ocrx_word' id='word_1_165' title='bbox 1128 2885 1240 2950; x_wconf 79' lang='lat' dir='ltr'><strong>bebere</strong></span> 
     </span>
     <span class='ocr_line' id='line_1_25' title="bbox 387 2994 1184 3076; baseline 0.005 -20"><span class='ocrx_word' id='word_1_166' title='bbox 387 2994 559 3068; x_wconf 74' lang='lat' dir='ltr'><strong>tunellum,</strong></span> <span class='ocrx_word' id='word_1_167' title='bbox 581 2994 754 3075; x_wconf 75' lang='lat' dir='ltr'><strong>sociamque</strong></span> <span class='ocrx_word' id='word_1_168' title='bbox 774 2995 833 3056; x_wconf 89' lang='lat' dir='ltr'><strong>tori</strong></span> <span class='ocrx_word' id='word_1_169' title='bbox 853 3013 1035 3076; x_wconf 80' lang='lat' dir='ltr'><strong>uxoremque</strong></span> <span class='ocrx_word' id='word_1_170' title='bbox 1055 3005 1184 3060; x_wconf 78' lang='lat' dir='ltr'><strong>vocaret</strong></span> 
     </span>
    </p>
   </div>
   <div class='ocr_carea' id='block_1_4' title="bbox 890 3254 945 3338">
    <p class='ocr_par' dir='ltr' id='par_1_4' title="bbox 890 3254 945 3338">
     <span class='ocr_line' id='line_1_26' title="bbox 890 3254 945 3338; baseline 0 -1"><span class='ocrx_word' id='word_1_171' title='bbox 890 3254 945 3338; x_wconf 73' lang='lat' dir='ltr'><strong>ib</strong></span> 
     </span>
    </p>
   </div>
   <div class='ocr_carea' id='block_1_5' title="bbox 357 3430 1294 4054">
    <p class='ocr_par' dir='ltr' id='par_1_5' title="bbox 388 3430 1241 3842">
     <span class='ocr_line' id='line_1_27' title="bbox 429 3430 1222 3505; baseline 0.001 -11"><span class='ocrx_word' id='word_1_172' title='bbox 429 3431 547 3494; x_wconf 86' lang='lat' dir='ltr'><strong>Ludere</strong></span> <span class='ocrx_word' id='word_1_173' title='bbox 569 3430 620 3492; x_wconf 94' lang='lat' dir='ltr'><strong>ubi</strong></span> <span class='ocrx_word' id='word_1_174' title='bbox 643 3430 708 3494; x_wconf 75' lang='lat' dir='ltr'><strong>telis</strong></span> <span class='ocrx_word' id='word_1_175' title='bbox 730 3439 880 3495; x_wconf 79' lang='lat' dir='ltr'><strong>cessatum</strong></span> <span class='ocrx_word' id='word_1_176' title='bbox 900 3441 961 3505; x_wconf 82' lang='lat' dir='ltr'><strong>est.</strong></span> <span class='ocrx_word' id='word_1_177' title='bbox 984 3434 1076 3496; x_wconf 59' lang='lat' dir='ltr'><strong>eorm</strong></span> <span class='ocrx_word' id='word_1_178' title='bbox 1096 3433 1222 3496; x_wconf 81' lang='lat' dir='ltr'><strong>dolenti.</strong></span> 
     </span>
     <span class='ocr_line' id='line_1_28' title="bbox 388 3541 1196 3623; baseline 0.004 -20"><span class='ocrx_word' id='word_1_179' title='bbox 388 3543 453 3606; x_wconf 77' lang='lat' dir='ltr'><strong>Stet</strong></span> <span class='ocrx_word' id='word_1_180' title='bbox 472 3541 568 3608; x_wconf 80' lang='lat' dir='ltr'><strong>rictus</strong></span> <span class='ocrx_word' id='word_1_181' title='bbox 590 3541 755 3619; x_wconf 88' lang='lat' dir='ltr'><strong>repetitque</strong></span> <span class='ocrx_word' id='word_1_182' title='bbox 776 3542 871 3614; x_wconf 86' lang='lat' dir='ltr'><strong>uices,</strong></span> <span class='ocrx_word' id='word_1_183' title='bbox 893 3559 930 3606; x_wconf 79' lang='lat' dir='ltr'><strong>ec</strong></span> <span class='ocrx_word' id='word_1_184' title='bbox 951 3543 1079 3623; x_wconf 83' lang='lat' dir='ltr'><strong>denique</strong></span> <span class='ocrx_word' id='word_1_185' title='bbox 1100 3545 1196 3606; x_wconf 80' lang='lat' dir='ltr'><strong>tristis</strong></span> 
     </span>
     <span class='ocr_line' id='line_1_29' title="bbox 389 3649 1211 3734; baseline 0.007 -23"><span class='ocrx_word' id='word_1_186' title='bbox 389 3650 492 3712; x_wconf 86' lang='lat' dir='ltr'><strong>Discit.</strong></span> <span class='ocrx_word' id='word_1_187' title='bbox 537 3649 684 3710; x_wconf 84' lang='lat' dir='ltr'><strong>Victorem</strong></span> <span class='ocrx_word' id='word_1_188' title='bbox 705 3651 841 3730; x_wconf 77' lang='lat' dir='ltr'><strong>sequitur</strong></span> <span class='ocrx_word' id='word_1_189' title='bbox 861 3669 935 3730; x_wconf 74' lang='lat' dir='ltr'><strong>geue</strong></span> <span class='ocrx_word' id='word_1_190' title='bbox 956 3661 1033 3727; x_wconf 78' lang='lat' dir='ltr'><strong>totu,</strong></span> <span class='ocrx_word' id='word_1_191' title='bbox 1056 3654 1211 3734; x_wconf 78' lang='lat' dir='ltr'><strong>prositque</strong></span> 
     </span>
     <span class='ocr_line' id='line_1_30' title="bbox 390 3758 1241 3842; baseline 0.006 -22"><span class='ocrx_word' id='word_1_192' title='bbox 390 3759 487 3830; x_wconf 76' lang='lat' dir='ltr'><strong>Unus,</strong></span> <span class='ocrx_word' id='word_1_193' title='bbox 510 3777 637 3838; x_wconf 89' lang='lat' dir='ltr'><strong>eumque</strong></span> <span class='ocrx_word' id='word_1_194' title='bbox 659 3758 733 3822; x_wconf 82' lang='lat' dir='ltr'><strong>alter</strong></span> <span class='ocrx_word' id='word_1_195' title='bbox 754 3759 873 3838; x_wconf 86' lang='lat' dir='ltr'><strong>prendit</strong></span> <span class='ocrx_word' id='word_1_196' title='bbox 892 3770 964 3840; x_wconf 92' lang='lat' dir='ltr'><strong>post</strong></span> <span class='ocrx_word' id='word_1_197' title='bbox 983 3764 1147 3842; x_wconf 55' lang='lat' dir='ltr'><strong>tergum-it</strong></span> <span class='ocrx_word' id='word_1_198' title='bbox 1167 3763 1241 3826; x_wconf 80' lang='lat' dir='ltr'><strong>alter</strong></span> 
     </span>
    </p>

    <p class='ocr_par' dir='ltr' id='par_1_6' title="bbox 357 3866 1294 4054">
     <span class='ocr_line' id='line_1_31' title="bbox 357 3866 1294 3949; baseline 0.007 -22"><span class='ocrx_word' id='word_1_199' title='bbox 357 3866 435 3931; x_wconf 75' lang='lat' dir='ltr'><strong>odd</strong></span> <span class='ocrx_word' id='word_1_200' title='bbox 455 3866 532 3930; x_wconf 80' lang='lat' dir='ltr'><strong>bus</strong></span> <span class='ocrx_word' id='word_1_201' title='bbox 554 3873 642 3947; x_wconf 81' lang='lat' dir='ltr'><strong>uque</strong></span> <span class='ocrx_word' id='word_1_202' title='bbox 659 3868 747 3949; x_wconf 81' lang='lat' dir='ltr'><strong>jubet</strong></span> <span class='ocrx_word' id='word_1_203' title='bbox 766 3870 948 3932; x_wconf 84' lang='lat' dir='ltr'><strong>meminisse.</strong></span> <span class='ocrx_word' id='word_1_204' title='bbox 992 3871 1077 3934; x_wconf 74' lang='lat' dir='ltr'><strong>Haud</strong></span> <span class='ocrx_word' id='word_1_205' title='bbox 1098 3871 1149 3934; x_wconf 84' lang='lat' dir='ltr'><strong>iile</strong></span> <span class='ocrx_word' id='word_1_206' title='bbox 1171 3873 1294 3936; x_wconf 80' lang='lat' dir='ltr'><strong>remittit</strong></span> 
     </span>
     <span class='ocr_line' id='line_1_32' title="bbox 391 3976 1130 4054; baseline 0.008 -16"><span class='ocrx_word' id='word_1_207' title='bbox 391 3976 450 4050; x_wconf 86' lang='lat' dir='ltr'><strong>ire,</strong></span> <span class='ocrx_word' id='word_1_208' title='bbox 474 3985 602 4038; x_wconf 82' lang='lat' dir='ltr'><strong>etuuuc</strong></span> <span class='ocrx_word' id='word_1_209' title='bbox 624 3993 711 4039; x_wconf 84' lang='lat' dir='ltr'><strong>eures</strong></span> <span class='ocrx_word' id='word_1_210' title='bbox 733 3979 798 4052; x_wconf 83' lang='lat' dir='ltr'><strong>isti,</strong></span> <span class='ocrx_word' id='word_1_211' title='bbox 821 3998 901 4042; x_wconf 88' lang='lat' dir='ltr'><strong>nuuc</strong></span> <span class='ocrx_word' id='word_1_212' title='bbox 921 3981 1058 4044; x_wconf 70' lang='lat' dir='ltr'><strong>admovet</strong></span> <span class='ocrx_word' id='word_1_213' title='bbox 1078 3981 1130 4054; x_wconf 84' lang='lat' dir='ltr'><strong>illi,</strong></span> 
     </span>
    </p>
   </div>
   <div class='ocr_carea' id='block_1_6' title="bbox 390 4085 1291 4389">
    <p class='ocr_par' dir='ltr' id='par_1_7' title="bbox 390 4085 1291 4389">
     <span class='ocr_line' id='line_1_33' title="bbox 391 4085 1209 4170; baseline 0.006 -21"><span class='ocrx_word' id='word_1_214' title='bbox 391 4085 503 4165; x_wconf 77' lang='lat' dir='ltr'><strong>Cuique</strong></span> <span class='ocrx_word' id='word_1_215' title='bbox 525 4103 644 4148; x_wconf 79' lang='lat' dir='ltr'><strong>manum</strong></span> <span class='ocrx_word' id='word_1_216' title='bbox 666 4088 777 4166; x_wconf 73' lang='lat' dir='ltr'><strong>porgit,</strong></span> <span class='ocrx_word' id='word_1_217' title='bbox 800 4107 887 4152; x_wconf 82' lang='lat' dir='ltr'><strong>meus</strong></span> <span class='ocrx_word' id='word_1_218' title='bbox 907 4090 1077 4170; x_wconf 81' lang='lat' dir='ltr'><strong>importune</strong></span> <span class='ocrx_word' id='word_1_219' title='bbox 1096 4091 1209 4154; x_wconf 85' lang='lat' dir='ltr'><strong>recedit</strong></span> 
     </span>
     <span class='ocr_line' id='line_1_34' title="bbox 390 4194 1187 4281; baseline 0.009 -23"><span class='ocrx_word' id='word_1_220' title='bbox 390 4195 521 4258; x_wconf 81' lang='lat' dir='ltr'><strong>instandi</strong></span> <span class='ocrx_word' id='word_1_221' title='bbox 542 4194 684 4269; x_wconf 75' lang='lat' dir='ltr'><strong>ulteriue3</strong></span> <span class='ocrx_word' id='word_1_222' title='bbox 706 4205 838 4260; x_wconf 84' lang='lat' dir='ltr'><strong>removet</strong></span> <span class='ocrx_word' id='word_1_223' title='bbox 858 4198 903 4262; x_wconf 82' lang='lat' dir='ltr'><strong>sic</strong></span> <span class='ocrx_word' id='word_1_224' title='bbox 924 4198 992 4278; x_wconf 79' lang='lat' dir='ltr'><strong>ipre</strong></span> <span class='ocrx_word' id='word_1_225' title='bbox 1011 4209 1187 4281; x_wconf 70' lang='lat' dir='ltr'><strong>sequemem</strong></span> 
     </span>
     <span class='ocr_line' id='line_1_35' title="bbox 391 4303 1291 4389; baseline 0.01 -23"><span class='ocrx_word' id='word_1_226' title='bbox 391 4303 529 4367; x_wconf 81' lang='lat' dir='ltr'><strong>Turbam.</strong></span> <span class='ocrx_word' id='word_1_227' title='bbox 573 4303 749 4370; x_wconf 77' lang='lat' dir='ltr'><strong>Noosecus</strong></span> <span class='ocrx_word' id='word_1_228' title='bbox 771 4306 830 4370; x_wconf 92' lang='lat' dir='ltr'><strong>boo</strong></span> <span class='ocrx_word' id='word_1_229' title='bbox 849 4307 989 4374; x_wconf 79' lang='lat' dir='ltr'><strong>vertebrr</strong></span> <span class='ocrx_word' id='word_1_230' title='bbox 1010 4307 1042 4370; x_wconf 89' lang='lat' dir='ltr'><strong>iu</strong></span> <span class='ocrx_word' id='word_1_231' title='bbox 1063 4310 1181 4387; x_wconf 74' lang='lat' dir='ltr'><strong>nguine</strong></span> <span class='ocrx_word' id='word_1_232' title='bbox 1200 4309 1291 4389; x_wconf 69' lang='lat' dir='ltr'><strong>vulgi,</strong></span> 
     </span>
    </p>
   </div>
   <div class='ocr_carea' id='block_1_7' title="bbox 0 0 1634 5166">
    <p class='ocr_par' dir='ltr' id='par_1_8' title="bbox 0 0 1634 5166">
     <span class='ocr_line' id='line_1_36' title="bbox 0 0 1634 5166; baseline 0 0"><span class='ocrx_word' id='word_1_233' title='bbox 0 0 1634 5166; x_wconf 95' lang='lat' dir='ltr'><strong> </strong></span> 
     </span>
    </p>
   </div>
  </div>
 </body>
</html>
