3142 5166
756 391 938 443 nuaerrean
959 392 996 456 nt.

378 611 444 674 Jam
465 609 519 671 tibi
540 617 713 690 perventum
734 617 782 671 est
802 608 859 671 sub
879 607 981 672 limine
1004 609 1171 686 Purgatori.

378 719 424 782 En
446 718 508 782 illie
529 718 686 800 aremulus,
710 737 775 799 quo·
793 717 939 781 clauditur
959 719 1091 799 undique
1113 719 1223 796 divum

379 829 424 891 En
446 829 509 892 iiiie
530 827 643 902 aditus,
666 845 757 908 rupes
779 827 831 890 nbi
853 828 948 890 eeissa
970 827 1095 891 vidamr.

379 939 468 1012 Ante,
491 934 547 1000 sub
569 940 714 1000 Auroram
735 937 854 1000 solitam
875 938 1057 1018 praeoedere
1080 937 1192 1014 Solem,

329 1058 363 1112 tt
379 1048 454 1110 dum
475 1047 529 1110 tibi
550 1047 595 1110 ris
616 1047 733 1110 animae
754 1048 879 1110 interius
901 1047 998 1127 sepita
1015 1048 1138 1129 jarer-et,

240 1223 248 1240 q
378 1158 438 1221 Per
458 1159 549 1220 liores
571 1158 655 1232 tuse,
678 1155 788 1237 quibus
810 1156 871 1218 illie
891 1157 977 1220 ratiis
998 1157 1138 1232 abundat,

380 1269 490 1330 Ornata
509 1265 627 1330 advenit
647 1265 761 1339 muirer,
785 1267 830 1329 aie
850 1285 903 1328 ere
924 1266 1039 1329 ieeuta:

378 1377 425 1440 En
446 1393 502 1455 ego
524 1377 617 1438 Luem
638 1395 718 1448 snm,
741 1395 795 1438 vos
817 1375 927 1438 isthinc
948 1377 1099 1457 surripere
1120 1377 1211 1440 istum

378 1487 426 1550 liie
449 1487 538 1549 sinite
561 1486 707 1549 evinctum
729 1503 845 1548 somno.
890 1486 942 1547 Sie
963 1487 1080 1548 tramite
1102 1488 1205 1550 sistam

329 1607 362 1662 td
379 1596 466 1660 Hune
486 1595 577 1658 ieeiii.
619 1595 727 1656 Mansit
748 1602 828 1656 retro
850 1595 1026 1658 Sonuemus
1049 1604 1079 1658 et
1101 1595 1222 1660 umbrae

378 1707 482 1770 Binae.
524 1705 605 1766 Haee
626 1704 783 1784 apprendit
803 1711 846 1779 te,
868 1713 899 1768 et
919 1705 1016 1786 prima
1037 1705 1103 1768 iuee
1125 1706 1262 1778 micante,

379 1816 494 1880 Clarius
516 1813 684 1886 adseendit‚
706 1831 755 1876 me
778 1815 858 1876 iilam
881 1823 951 1895 pest
971 1823 1053 1894 terga
1075 1823 1188 1880 seeum

379 1925 434 1988 Hie
455 1932 484 1988 te
503 1923 655 2004 deposuit,
679 1924 751 1986 mihi
774 1924 827 1986 sed
849 1926 933 2004 prius
955 1927 1061 1988 annuit
1082 1926 1147 2005 ipsa

378 2034 553 2098 huminibus
574 2033 709 2114 puiehris
731 2033 903 2114 aditumque
925 2034 1055 2098 ostendit
1076 2043 1230 2116 apertum3

328 2156 363 2210 to
378 2146 453 2209 Dein
474 2144 585 2226 pariter
605 2152 655 2206 tua
676 2143 809 2206 membra
830 2161 936 2223 sopor,
959 2161 1076 2226 nosque
1098 2143 1148 2208 ilia
1168 2144 1299 2227 reliquit.

420 2258 464 2319 no
485 2253 573 2318 veluti
596 2253 706 2316 dubius
728 2254 779 2334 qui
800 2253 926 2333 pendet,
950 2254 1066 2334 singula
1089 2262 1169 2318 taem

379 2367 475 2446 Atque
495 2364 590 2426 oeulis
612 2363 669 2426 sibi
691 2371 771 2425 eerta
793 2363 878 2438 feeit,
901 2364 1045 2444 vertitque
1067 2365 1205 2428 timorem

378 2475 470 2538 iiuiee
492 2475 524 2538 in
545 2473 689 2547 solamen,
712 2473 837 2535 rimulae
858 2473 916 2535 sibi
936 2493 1005 2536 sera
1027 2481 1199 2554 patescunt:

379 2583 430 2646 Sir
451 2599 507 2661 ege
528 2583 674 2646 muubar.
717 2583 775 2646 Sed
798 2583 849 2646 nbi
870 2602 936 2646 mee
958 2583 1048 2646 eorda
1071 2585 1169 2648 soluta

328 2700 362 2754 tt
380 2693 465 2756 Curis
487 2694 626 2773 cognovit
647 2693 765 2766 denter,
788 2693 864 2772 petit
885 2692 976 2756 ardua
997 2695 1118 2768 mentis,

378 2803 474 2883 Atque
496 2820 551 2881 eqo
574 2820 651 2883 prone
674 2801 764 2865 einum
785 2802 982 2883 properabam
1004 2804 1122 2867 sineere
1142 2804 1273 2868 eulmen.

419 2913 543 2986 Lector,
562 2912 625 2993 jam
648 2913 753 2985 sentis,
774 2931 823 2974 me
845 2913 1007 2976 audaeibus
1030 2913 1118 2976 eitius
1140 2914 1196 2976 aiis

379 3023 516 3086 Tendere
537 3023 609 3086 iter:
632 3041 724 3103 quere
745 3022 847 3085 mirari
869 3023 990 3097 desine,
1013 3023 1040 3086 si
1062 3023 1133 3102 quid

378 3134 457 3196 Artis
478 3132 617 3213 majoris,
640 3149 716 3213 quae
738 3141 809 3195 sunt
830 3133 971 3207 dicenda,
995 3134 1150 3214 requirunt

329 3257 363 3311 te
379 3243 519 3306 Materiae
542 3242 679 3305 iulerum.
723 3241 808 3305 fland
830 3243 901 3305 illue
921 3243 1065 3306 peredere
1087 3241 1175 3306 nubis

379 3354 434 3416 Est
453 3353 565 3427 risum,
588 3361 676 3434 etque
699 3353 766 3415 iore
788 3353 899 3432 placuit
919 3352 1076 3415 considere
1098 3354 1128 3416 in
1151 3353 1211 3428 iile,

276 3531 279 3539 ,
379 3463 464 3526 Unde
485 3461 597 3544 aliquid
619 3462 698 3542 rupti
720 3481 787 3524 sum
808 3463 937 3542 primum
959 3481 1082 3527 eernere
1103 3463 1184 3526 risus

380 3573 482 3636 nanae
503 3573 612 3645 inetur,
635 3589 753 3634 murum
777 3589 853 3651 quae
874 3579 975 3652 partes
995 3573 1081 3636 findit
1102 3574 1133 3636 in
1155 3573 1268 3636 ambas.

380 3682 456 3744 Tum
478 3689 609 3762 purtem,
631 3681 816 3760 inferiusque
837 3680 947 3761 gradus
968 3683 1026 3745 ridi
1049 3683 1153 3746 urdine
1175 3683 1279 3758 trinus,

330 3799 363 3853 75
379 3793 439 3855 Per
460 3810 536 3872 ques
557 3791 617 3852 hue
638 3791 711 3864 itur,
733 3790 853 3854 diverse
875 3810 946 3854 saxa
968 3791 1070 3854 eriere

381 3901 514 3973 suffusa,
537 3907 567 3962 et
588 3909 689 3962 eustos
710 3901 868 3964 etiamnum
891 3901 969 3964 haud
991 3903 1109 3966 hierem
1130 3903 1253 3966 adortus

380 4010 436 4072 Hie
458 4019 537 4084 eret3
565 4017 657 4091 etque
677 4011 831 4091 magisque
852 4012 1008 4093 magisque
1028 4029 1085 4092 ege
1107 4011 1218 4076 iumine
1239 4013 1322 4074 risus

381 4119 543 4192 donandi,
565 4120 645 4182 hune
665 4121 724 4182 ridi
746 4139 818 4183 saxo
840 4121 989 4189 insedisse
1011 4139 1153 4201 superno,

381 4230 551 4311 conspeetu
572 4229 676 4304 telem,
699 4231 817 4312 qualem
839 4233 964 4296 sufferre
986 4233 1121 4312 nequivi3

330 4358 365 4414 aa
381 4341 475 4421 isque
496 4357 586 4402 manu
607 4340 691 4404 ensis
712 4349 775 4404 eret
796 4341 908 4416 nudus,
932 4343 982 4424 qui
1004 4343 1116 4423 fulgida
1138 4342 1219 4405 Setis
1558 4355 1559 4365 ¹
