3124 5170
572 490 765 542 turronenuu
783 491 809 542 r
1215 494 1255 556 37

194 711 351 774 Testantes
373 708 501 770 miserae
523 727 559 770 ao
581 707 710 770 domitae
733 709 792 770 iata
815 728 921 789 aspera
943 717 1050 788 gentis.

132 829 177 884 115
234 820 290 882 llio
312 837 384 898 ego:
407 819 603 898 Praeceptor,
625 835 698 896 gens
720 817 809 891 haec,
832 837 908 900 quae
931 819 1044 882 inclusa
1066 821 1215 900 profundo

192 931 314 996 tttomn
336 947 403 992 sese
426 927 606 990 tumulorum
628 947 664 990 ex
686 945 807 992 earcere
828 929 938 1009 prodit,

192 1039 319 1101 Nomine
342 1057 401 1119 quo
423 1044 494 1104 nota
516 1033 589 1100 est?
611 1037 664 1100 llle
686 1046 800 1100 autom:
823 1037 879 1099 liic
900 1038 1138 1111 haeresiarchae,

192 1149 266 1211 Cum
288 1165 378 1227 grege
400 1146 528 1227 quisque
550 1165 620 1220 suo,
643 1153 737 1218 stant,
761 1165 889 1226 quorum
911 1148 999 1228 copia
1014 1147 1160 1222 abunda,

192 1259 313 1338 llasque
336 1265 464 1320 onerant
484 1275 569 1318 arcas
591 1257 659 1337 plus
682 1275 770 1336 quam
793 1266 822 1318 te
844 1259 966 1326 credere
988 1257 1110 1337 dignum
1132 1265 1187 1323 est
1251 1283 1255 1290 ·

82 1370 85 1403 ³
133 1373 176 1424 tttt
192 1369 310 1447 Parque
331 1365 398 1448 pari
421 1366 471 1428 hie
488 1367 612 1446 junctus
635 1365 757 1443 tegitur,
780 1375 1031 1446 monumentaque
1053 1367 1089 1430 ab
1113 1367 1181 1446 igne

191 1477 300 1540 Pluere
322 1475 456 1538 minusve
478 1476 585 1540 calent
628 1475 684 1538 llio
704 1483 862 1556 postquam
884 1476 984 1538 laevus
1006 1476 1088 1542 abire

193 1588 223 1650 ls
246 1585 361 1666 eoepit,
385 1593 532 1650 tormenta
555 1585 634 1646 iuter
655 1584 815 1648 transimus
838 1595 868 1648 et
887 1587 946 1648 alta

192 1698 227 1760 ln
249 1715 352 1777 gyrum
374 1703 474 1761 erecto
496 1693 653 1784 maeniana
675 1693 820 1758 exstantia
842 1713 937 1758 muro.

705 1955 746 2036 Χ.

83 2082 88 2253 Ι
235 2139 400 2214 tngttstum
422 2151 477 2214 per
497 2133 567 2206 iter,
591 2151 707 2196 morum
730 2133 808 2196 inter
829 2133 913 2194 ilrrrs
936 2142 966 2195 et
988 2132 1065 2196 inter

193 2244 364 2327 Supplicia,
388 2243 500 2310 incedit
522 2243 628 2304 doctor
649 2261 751 2314 meus,
774 2251 863 2321 atquo
885 2259 941 2320 ego
960 2242 1043 2322 juxta

193 2357 270 2420 Post
290 2363 388 2433 terga,
411 2353 601 2433 incipioque:
626 2353 650 2415 Ο
673 2352 767 2414 virtus
789 2369 919 2424 summa,
943 2352 1089 2415 celandos

194 2467 279 2540 Quae
301 2483 349 2525 me
371 2481 426 2544 per
447 2461 560 2536 circos,
583 2481 642 2542 quo
666 2461 760 2524 visum
781 2469 843 2536 est,
867 2461 977 2524 arbitra
1000 2460 1095 2534 ducis,

161 2575 314 2646 11111111,
338 2581 426 2653 atque
448 2569 524 2634 meis
546 2571 704 2650 indulgens
726 2589 823 2634 annue
845 2569 938 2632 rotis:

193 2685 292 2750 Fasue
313 2691 361 2746 est
381 2699 436 2762 per
458 2681 586 2744 tumulos
608 2679 752 2762 populum
773 2687 911 2761 spectare
928 2677 1101 2760 iacentem?

86 2814 89 2873 Ι
194 2795 309 2857 Omnes
330 2809 459 2871 namque
480 2799 599 2870 patent,
621 2809 678 2854 nec
699 2799 802 2853 custos
823 2790 937 2854 assidet
958 2789 1045 2854 ullus.

86 2890 89 3027 ᾗ
237 2903 351 2966 Omnes
373 2901 560 2974 claudentur,
584 2899 670 2974 dixit,
694 2919 761 2964 cum
784 2900 911 2980 quisque
932 2900 1043 2963 redibit

86 3076 89 3097 ‚
192 3005 346 3076 dosarn'sr
369 3029 386 3074 a
407 3009 498 3083 valle,
521 3019 552 3072 et
573 3027 680 3090 supera
704 3027 772 3072 ossa
795 3009 899 3072 relicta
921 3011 977 3074 sub
1000 3027 1070 3072 aura

87 3110 89 3155 ³
148 3138 178 3189 11
194 3121 374 3204 Sumpserit.
417 3119 472 3182 llic
494 3119 617 3200 proprio
638 3119 705 3182 loca
727 3119 881 3197 designata
904 3119 1064 3200 sepulchro

86 3178 89 3345 !
195 3235 270 3296 Cum
292 3232 415 3293 doctore
437 3237 540 3292 tenent
560 3229 682 3292 11111111
705 3229 742 3290 do
764 3247 853 3307 grege
876 3227 997 3303 alumni,

195 3342 254 3416 Qui
277 3345 412 3403 statuunt
432 3338 561 3402 annnam
583 3357 649 3400 cum
672 3356 798 3417 corpore
821 3347 915 3400 morte
937 3337 1055 3402 resolvi.

196 3453 297 3526 Quare
318 3449 369 3512 hic
389 3457 495 3512 cuncte
518 3447 577 3510 cito
599 3451 672 3510 dent
692 3447 849 3510 manifesta
870 3448 997 3526 roganti,

86 3624 88 3633 ,
194 3563 232 3624 Et
253 3557 405 3622 desiderio
427 3557 554 3638 pariter,
578 3558 658 3638 quod
679 3558 780 3620 dicere
801 3576 928 3620 mussas.

86 3664 89 3719 l
149 3677 179 3730 tt
236 3669 315 3732 Huic
336 3685 391 3748 ego
413 3667 573 3748 respondi:
594 3669 678 3730 Bone
699 3668 772 3742 dux,
795 3685 871 3746 quoe
893 3667 983 3730 corde
1004 3667 1113 3740 voluto,

85 3808 89 3871 ς
195 3779 281 3844 llaud
304 3778 386 3850 celo,
409 3777 467 3840 nisi
490 3797 583 3858 pauca
605 3778 677 3840 licet
698 3776 766 3858 quia
788 3777 877 3845 rerba
899 3775 1022 3856 proiari,

195 3889 284 3963 Quod
307 3887 371 3952 rice
393 3905 454 3950 non
476 3905 549 3959 una,
571 3894 601 3948 te
622 3885 841 3968 praecipiente,
864 3884 975 3966 parari.

238 3999 264 4060 0
288 3997 425 4070 Transeo,
448 3996 606 4076 igniferam
629 3997 680 4078 qui
701 3994 931 4078 praeterlaberis
952 3995 1056 4060 urbem

86 4090 89 4121 ¹
196 4107 285 4171 Virus
308 4107 405 4172 adhuc
426 4107 467 4174 ita
490 4108 616 4170 honesta
637 4108 777 4186 loquens,
801 4105 856 4168 tihi
878 4105 986 4168 sistere
1007 4123 1142 4184 pressum
1246 4081 1252 4098 ⁰

147 4227 179 4278 to
195 4217 251 4280 llic
273 4219 411 4298 placeat:
434 4225 483 4280 tua
507 4235 575 4280 nont
597 4225 627 4278 to
649 4215 782 4296 prodidit
803 4216 868 4296 ipsa
891 4214 1008 4296 loquela

194 4327 247 4390 llla
271 4337 498 4406 protestatum,
521 4345 609 4406 quam
632 4324 728 4406 patria
751 4323 868 4388 nobilis
884 4325 954 4398 edit,

88 4506 91 4523 Ι
196 4435 249 4500 Cui
273 4437 402 4501 tortasse
424 4437 466 4501 111
489 4435 614 4500 nimium
636 4433 820 4516 nimiumque
842 4433 996 4498 molestus.
