3124 5170
529 439 724 490 llll'EllllllllUll
743 441 819 491 llll.

177 662 330 741 Inceptum
353 657 491 721 evolvens
512 675 691 737 responsum
713 669 801 738 atqtre
823 659 947 739 insuper
967 661 1099 722 addens:

176 771 259 833 lllam
282 769 360 831 intra
384 769 513 840 lorcam,
536 767 673 830 consulto
695 768 746 830 ubi
768 770 825 844 lixa
847 770 986 833 tenebam

177 879 319 952 Lumina,
341 879 413 940 llere
435 895 504 940 meo
526 893 595 938 reor
615 877 751 938 umbram
767 879 918 957 sanguine
940 888 1051 942 cretam

177 990 325 1061 Crimina,
349 988 427 1068 apud
450 1005 552 1048 manes
575 987 650 1048 adeo
673 988 839 1049 constantia
861 1007 979 1068 magno.

129 1105 162 1155 ac
220 1099 297 1160 Tum
319 1099 425 1160 doctor
448 1106 568 1158 contra:
591 1095 635 1158 Ne
658 1097 783 1176 posthac
805 1115 892 1160 sensa
917 1108 1056 1179 tuamque

178 1210 207 1272 ls
229 1210 346 1286 frangat
366 1217 514 1279 mentcme
537 1213 626 1285 atque
649 1205 723 1268 alias
746 1207 802 1268 sub
824 1215 946 1287 pectore
970 1225 1056 1270 curas

176 1320 242 1381 lam
265 1335 366 1388 versa3
389 1316 439 1378 bic
460 1335 515 1396 per
537 1324 565 1378 te
586 1315 677 1377 liceat
697 1334 852 1378 remanere
875 1317 1003 1397 sepulto.

177 1429 311 1507 Namque
332 1426 415 1488 illum
436 1425 497 1486 vidi
520 1425 648 1504 graviter
669 1425 726 1486 sub
747 1435 838 1505 ponte
860 1427 1031 1501 minentem,

177 1541 219 1600 nc
241 1547 270 1598 te
292 1536 459 1615 signantem
482 1534 590 1613 digito,
613 1534 770 1614 audivique
792 1546 929 1598 vocatum

129 1653 161 1706 25
176 1647 232 1710 llic
255 1646 335 1708 intus
357 1645 473 1706 Gnarus
494 1663 551 1706 aaa
573 1645 676 1706 Rauso
698 1644 820 1706 nomine
841 1644 997 1708 Hetrusca.

178 1758 238 1822 Sed
262 1756 312 1837 qui
333 1757 523 1817 durrronrrs
546 1755 695 1834 quondam
717 1755 895 1833 possederat
915 1773 1023 1830 arcem,

178 1867 230 1929 Sic
252 1866 306 1928 tibi
329 1864 454 1926 detinuit
478 1873 623 1936 mentem,
647 1873 680 1925 ut
701 1865 848 1926 divertere
870 1865 936 1928 risu

72 2030 75 2053 ,
177 1977 251 2039 lnde
275 1975 327 2036 tibi
350 1974 429 2036 baud
452 1973 555 2047 lucrit3
579 1991 670 2053 quare
689 1974 752 2054 jam
774 1986 908 2036 evaserat
929 1974 989 2036 ille.

220 2085 259 2148 lli
281 2085 354 2157 dux,
377 2101 458 2144 mors
480 2083 610 2155 violens,
632 2083 760 2146 ultorem
782 2093 868 2146 nacta
890 2102 946 2146 nec
967 2084 1069 2154 ullum,
1173 2075 1177 2088 '

132 2209 163 2258 tc
180 2196 238 2270 Qui
261 2195 351 2256 tuerit
371 2192 474 2273 probri
498 2211 643 2266 consors,
666 2193 706 2254 ita
730 2192 813 2255 abire
836 2195 1010 2256 trementem

72 2320 75 2397 t
179 2303 378 2385 compulerit,
400 2303 480 2377 dial,
503 2321 595 2383 quare
616 2302 680 2376 ille,
702 2312 736 2364 ut
756 2303 847 2364 corda
868 2302 978 2376 voluto,

71 2402 74 2471 l
179 2415 334 2488 Excessit,
357 2413 437 2476 nulla
459 2413 581 2490 dignum
604 2411 654 2492 qui
676 2431 749 2474 voce
770 2431 894 2474 vocarer

179 2528 314 2596 llucens3
337 2523 427 2605 idque
449 2522 544 2600 magis
565 2521 758 2584 miserantem
780 2521 959 2602 indignaque
981 2524 1101 2585 llantem

71 2682 73 2705 ,
180 2636 276 2717 Hujus
298 2635 357 2696 lata
378 2641 486 2695 moret.
511 2665 550 2676 -
572 2633 749 2694 Sermonum
771 2632 827 2694 bac
849 2649 905 2692 nos
926 2632 991 2694 rice
1013 2634 1142 2714 primum

71 2726 73 2761 ²
133 2746 322 2807 devenimus
344 2745 381 2805 ad
405 2742 509 2805 callem
531 2741 663 2822 scopuli,
687 2742 738 2822 qui
760 2761 796 2803 er
817 2741 927 2804 vertice
948 2753 1095 2805 monstrat

180 2855 311 2918 lllterius
331 2853 417 2916 vallis
439 2853 569 2933 spatium
592 2861 686 2914 totum
708 2852 839 2932 undiquc
862 2853 899 2916 ab
921 2853 992 2926 imo,

182 2967 215 3028 Si
236 2965 334 3045 major
355 2963 445 3026 luerit
466 2963 630 3042 speculanti
655 2962 742 3041 copia
763 2961 850 3024 lucis.

224 3076 348 3138 Ventum
360 3073 412 3134 ubi
433 3072 627 3151 bulgarum
650 3081 697 3134 est
713 3079 863 3151 postrema
875 3071 912 3132 ad
924 3070 1052 3136 claustra
1071 3073 1246 3135 malarum

181 3187 247 3259 Sic,
272 3194 303 3246 ut
324 3183 510 3246 alumnorum
531 3181 604 3244 mibi
624 3183 686 3263 iem
709 3199 854 3262 apparere
874 3182 986 3259 ligurae

131 3301 165 3352 tc
180 3296 325 3367 Possem,
349 3293 467 3356 diverso
489 3291 634 3354 lenierunt
653 3309 804 3353 murmure
826 3300 950 3371 questus

182 3407 241 3468 Cor
262 3404 351 3479 mibi,
375 3421 450 3484 quos
470 3403 567 3483 pietas
590 3402 658 3463 telis
680 3409 809 3462 armarat
829 3401 943 3464 acutis:

183 3517 281 3589 Quare
304 3533 391 3576 aures
413 3513 551 3578 manibus
573 3509 730 3592 properavi
753 3511 891 3573 claudere
912 3510 1058 3592 utrisque.

70 3641 73 3709 t
183 3624 301 3700 Qualis,
325 3624 351 3685 si
374 3622 472 3704 spatio
494 3624 594 3684 lossae
615 3622 795 3700 glomeretur
815 3621 847 3682 in
869 3639 938 3695 uno,

70 3748 72 3784 ¹
184 3734 337 3816 Quidquid
360 3733 391 3794 in
413 3751 570 3811 aegrorum
592 3731 733 3811 hospitiis
755 3731 840 3812 pigra
862 3739 966 3810 stagna
989 3731 1130 3795 Claninae

69 3872 72 3925 i
130 3851 165 3907 ⁴5
182 3845 288 3916 Vadis,
312 3863 379 3904 cunr
401 3850 519 3904 arentes
541 3859 627 3920 agros
649 3842 711 3904 Leo
733 3841 828 3902 tristis
850 3840 970 3914 hiulcat,

70 3970 72 4011 t
182 3957 240 4016 dut
261 3971 328 4015 cum
351 3953 441 4014 Libra
462 3952 543 4013 vices
566 3960 687 4032 aequat,
710 3950 854 4032 quidquid
876 3951 967 4014 maris
990 3970 1041 4014 cra

69 4096 72 4149 p
181 4066 354 4146 lmpcrtuna
377 4066 491 4136 Senae,
514 4061 659 4144 quidquid
682 4061 796 4124 Sardoa
818 4061 963 4124 malonrm

69 4158 72 4259 ἱ
181 4175 295 4236 llcrbis
317 4174 396 4235 loeta
419 4172 510 4250 gerit,
533 4172 620 4234 dolor
641 4173 762 4245 alloret3
785 4172 916 4253 undique
938 4171 1006 4233 talis

180 4285 238 4346 llic
259 4291 338 4356 erat,
363 4301 398 4344 ac
419 4283 487 4344 talis
510 4301 545 4343 se
565 4282 636 4344 binc
657 4280 767 4343 balitus
790 4281 970 4352 effundebat,

69 4296 72 4495 Ι
130 4403 163 4455 to
180 4393 309 4469 Qualem
330 4392 464 4456 membra
485 4392 587 4454 balant
607 4391 746 4452 diuturna
768 4390 887 4472 putrida
908 4390 986 4452 tabe.
