3144 5164
310 411 372 474 ass
773 355 1494 485 sununs—*7

1491 556 1495 601 i
1567 583 1568 596 t

376 631 507 713 Cogitur,
529 641 559 694 at
580 631 650 713 quia
672 631 734 692 vuit
754 630 843 703 rioci,
866 631 962 692 etsie
983 631 1062 692 uicta
1083 631 1215 709 benigno

375 743 446 824 ipsa
466 741 566 804 animo
588 740 692 803 vincit.
737 740 821 813 Qrtac
842 740 947 820 primo,
971 747 1003 804 ot
1023 739 1127 820 quinta
1148 742 1256 820 figurat

325 862 360 916 titt
376 852 441 914 Vita
463 849 667 932 supercilium,
688 849 752 928 tigit
773 849 828 912 tihi
851 849 943 912 corda
964 859 1100 929 stupore,

378 962 464 1036 Quod
487 977 629 1040 superum
649 958 780 1021 Alituum
803 959 956 1038 regionem
979 959 1080 1022 cernis
1101 959 1139 1022 ab
1161 959 1235 1039 ipsis

378 1071 530 1134 Ornatam.
574 1068 658 1131 Haud
682 1068 742 1141 isti,
763 1069 905 1142 ciceris,
928 1087 983 1132 sua
1005 1087 1133 1148 corpora
1154 1077 1251 1132 mortc

376 1181 541 1243 Deseruere
564 1177 644 1240 obita
667 1178 799 1240 uenerati
821 1177 898 1240 iatsa
918 1179 1047 1240 Deorum

376 1289 513 1363 Numina,
536 1288 590 1350 sed
612 1287 763 1351 Christum
785 1307 899 1350 summa
922 1287 1033 1368 pietate
1056 1287 1198 1358 colentes.

326 1407 360 1460 io
377 1401 459 1462 Unus
481 1416 649 1478 passurum,
672 1416 793 1476 pessum
815 1397 901 1460 alter.
944 1397 1018 1460 Nam
1041 1415 1118 1460 unus
1140 1397 1177 1460 ab
1201 1396 1291 1468 Drcc,

376 1509 460 1572 Unde
482 1508 561 1570 redit
583 1525 670 1570 nemo
692 1507 729 1568 ad
752 1509 876 1586 nepem,
899 1507 1041 1570 remearit
1062 1507 1101 1568 ad
1123 1525 1203 1582 ossa,

376 1620 470 1699 idque
492 1617 550 1680 tuit
571 1635 686 1680 meroes
708 1635 794 1697 spem
815 1616 913 1680 rivam
934 1616 1036 1678 cordis
1056 1615 1204 1688 habentis,

377 1727 544 1808 sperantis,
566 1747 600 1790 se
622 1743 714 1806 posse
734 1727 827 1788 Deum
850 1743 942 1806 prece
963 1727 1085 1790 flectcre
1106 1725 1225 1798 hianda.

376 1837 463 1899 litum
485 1844 581 1899 mono
602 1835 683 1898 obita
704 1845 738 1898 ut
758 1853 885 1916 superas
905 1844 1059 1898 revocaret
1080 1835 1118 1896 ad
1140 1853 1240 1900 auras.

313 1961 361 2012 ttttt
377 1947 506 2026 istaque,
529 1963 618 2026 quam
639 1945 741 2007 uerbis
761 1945 918 2024 compello,
941 1945 1000 2008 rits
1022 1946 1108 2008 beate

377 2056 523 2134 Regressa
546 2056 584 2117 ad
606 2073 736 2128 carnem,
758 2073 820 2116 nou
841 2054 962 2133 longum
985 2055 1027 2117 ibi
1045 2057 1132 2137 poca
1154 2057 1273 2128 morari,

378 2165 462 2228 iliius
484 2173 531 2226 est
551 2164 686 2245 amplexa
707 2165 808 2236 tidem,
830 2181 981 2244 specum
1004 2165 1111 2229 salutis

379 2276 439 2350 Qui
460 2277 570 2350 tortur3
593 2275 720 2338 credens
741 2273 804 2336 reri
827 2274 966 2354 mucepit
986 2275 1099 2338 amoris

377 2387 489 2465 ignem,
512 2394 546 2447 ut
566 2392 783 2463 postmortem
805 2382 896 2446 tuerit
917 2383 1037 2462 dignata
1059 2385 1221 2448 secuudum

312 2502 361 2557 tm
378 2497 438 2559 lsta
460 2494 582 2559 laetitia.
625 2494 773 2557 Gceiestis
794 2511 910 2556 summa
932 2493 1070 2558 Parentis

378 2605 487 2668 Gratia.
510 2605 556 2667 sic
577 2603 637 2666 cito
659 2604 815 2666 dimanans
836 2603 969 2678 domino,
991 2611 1025 2668 ut
1045 2621 1177 2684 uuquam

377 2714 464 2778 Nulla
485 2713 567 2776 acies
589 2713 669 2776 oculi
691 2713 723 2775 in
743 2714 870 2794 primam
892 2733 927 2778 se
948 2713 1107 2778 immiserit
1126 2714 1248 2786 undem,

377 2823 508 2886 Alterius
529 2823 623 2884 menti
644 2823 750 2896 illusit,
773 2841 863 2902 quam
883 2831 1009 2905 propter
1029 2823 1140 2886 amarit

378 2935 553 3006 bracium,
577 2951 613 2994 re
634 2931 691 2994 tuit
711 2931 743 2994 in
765 2932 890 2996 Teucris
908 2933 1094 3013 justissimus
1115 2951 1204 2998 unum.

312 3054 361 3108 tto
378 3043 506 3117 idcirco,
528 3041 703 3122 adspirante
723 3042 796 3114 Dec,
819 3042 912 3105 mutto
935 3051 1005 3106 aute
1026 3044 1156 3106 tutumm

377 3155 407 3220 ts
429 3153 513 3216 norit
533 3152 683 3215 Christum
704 3153 901 3216 redimentem
923 3153 1069 3231 sanguino
1089 3151 1243 3216 muudum.

378 3264 507 3327 Credere
530 3261 561 3324 iu
583 3262 663 3325 hunc
683 3261 774 3340 igitur
795 3262 907 3335 statuit,
931 3262 980 3324 cui
1002 3261 1111 3326 deindo
1132 3262 1258 3343 mephiti

377 3375 458 3436 Vana
480 3372 655 3454 superstitio
677 3371 755 3433 baud
777 3371 876 3451 potuit
896 3372 1069 3435 suffundere
1091 3381 1228 3443 mentem,

378 3485 442 3547 lmo
464 3483 491 3544 is
512 3501 671 3562 perversae
693 3481 845 3544 damnavit
864 3481 990 3546 crimina
1011 3483 1120 3561 gentis.

247 3657 250 3664 ,
312 3601 362 3656 tlt
378 3593 456 3658 Huic
478 3601 538 3654 tres
561 3611 616 3674 pro
639 3611 725 3655 sacro
748 3593 898 3654 affuerunt
917 3591 1097 3670 baptismate
1119 3591 1219 3665 Dirce,

379 3703 462 3776 Quos
483 3702 556 3764 orbe
578 3719 614 3764 er
635 3702 739 3764 dextro
761 3701 848 3764 licuit
868 3700 923 3764 tibi
945 3717 1078 3773 cornero,
1101 3701 1184 3766 miiie

378 3811 543 3891 Pluresque
566 3821 634 3874 oute
655 3829 750 3874 eccos
772 3829 862 3891 quam
883 3819 966 3873 esset
986 3811 1166 3892 baptismate
1188 3810 1284 3874 nasci.

421 3921 447 3983 0
468 3920 562 3983 virtus
584 3920 703 3994 mentis,
725 3939 803 4001 quae
823 3921 962 3984 homiues
983 3921 1189 4002 praedestinat
1208 3928 1278 3986 ants

379 4031 484 4096 Ortum
505 4029 697 4112 principium,
720 4049 810 4110 qnam
830 4039 859 4093 te
881 4047 899 4092 a
919 4029 1023 4094 radico
1043 4039 1189 4094 remotam

313 4150 362 4204 tac
377 4139 556 4220 Adspiciunt
577 4138 629 4212 itti,
653 4139 739 4220 queis
761 4140 888 4221 primam
911 4159 1075 4220 agnoscere
1097 4158 1234 4208 muscum

377 4252 444 4315 Non
466 4251 579 4313 estias
601 4247 710 4312 tctami
733 4251 802 4323 Vos,
825 4269 844 4312 o
865 4251 1003 4314 mortalia
1024 4251 1124 4324 corda,

255 4236 260 4566 Ι
377 4359 490 4425 Discite
508 4359 656 4442 judicium
678 4367 809 4424 vestrum
830 4379 1025 4442 compescere
1045 4359 1189 4434 habrum
1491 4424 1494 4433 Ι

1491 4460 1494 4491 Ι
