3144 5164
158 477 161 485 ¹
575 411 709 462 rreaorsr
726 412 797 463 xvir.
1192 411 1254 474 335
1304 361 1311 624 1

184 633 325 694 Materiae
347 627 486 702 tabulam,
510 628 540 690 id
563 637 656 692 totum
678 647 746 692 sese
768 628 894 710 explicat
915 640 983 693 ante

1309 2224 1313 2462 i

8 813 10 830 y
138 745 170 799 35
186 744 388 822 Conspectum
410 747 564 802 aeternum
585 739 714 819 pictum:
738 747 767 802 at
788 757 848 802 non
871 739 940 801 inde
962 757 1123 804 necessum

185 854 269 915 idone
291 851 349 914 aiio
372 851 472 922 sumit,
496 867 585 930 quam
607 849 691 911 navis
713 857 821 929 sponte
843 849 977 911 secundo

186 961 323 1024 Flumine
344 959 543 1033 descendens,
566 979 583 1022 a
606 965 775 1038 spectatore
796 958 921 1022 sedente

187 1073 247 1134 Pro
269 1070 393 1150 speculo
417 1069 447 1130 in
470 1069 546 1149 ripa.
590 1069 676 1130 Venit
697 1069 777 1142 iude,
800 1076 832 1130 ut
854 1068 948 1130 terrm
969 1069 1006 1130 ad
1028 1087 1118 1131 aures

187 1181 289 1245 Dulcis
311 1180 347 1242 ab
370 1179 511 1257 organico
535 1177 660 1250 sonitus,
683 1178 737 1240 tibi
760 1185 840 1240 sorte
862 1186 962 1257 parata

140 1301 173 1353 to
189 1291 364 1370 Tempestas
386 1287 547 1368 spectanda
569 1287 651 1348 mibi.
695 1288 732 1349 Ut
754 1286 894 1350 discessit
914 1288 952 1350 ab
974 1289 1047 1350 urbe

189 1399 365 1480 Hippolytus
386 1398 483 1478 patria
505 1397 634 1458 crudelis
656 1397 759 1460 iraude
781 1415 939 1470 novercae,

78 1448 81 1593 r
190 1511 240 1572 Sic
262 1519 291 1572 te
312 1508 463 1588 proripias
483 1507 642 1586 profugum
663 1507 814 1569 Florentia
836 1515 963 1588 oportet.
1061 1554 1066 1568 .

188 1620 304 1682 Insidet
324 1619 384 1679 boc
406 1616 522 1688 animis,
546 1614 712 1696 agiturque,
735 1626 765 1678 et
786 1635 855 1678 mox
876 1617 953 1679 bene
976 1619 1064 1681 cedet

187 1728 322 1792 Volrenti
344 1729 411 1800 hoo,
434 1725 486 1789 ubi
509 1734 567 1788 stat
587 1743 709 1806 semper
729 1726 899 1788 mercabilis
921 1745 990 1788 aere

138 1850 171 1904 tc
189 1840 342 1912 Christus3
365 1845 394 1899 et
415 1839 561 1898 offensam
582 1843 706 1916 partem,
729 1843 762 1898 ut
783 1837 824 1908 cr,
848 1835 934 1918 culpa
955 1846 1106 1918 sequetur,

187 1948 292 2011 Judice
313 1947 426 2026 vulgari
449 1947 543 2020 sama3
566 1946 619 2007 sed
642 1945 776 2025 proxima
798 1965 896 2026 poena

188 2059 288 2120 Testis
310 2057 367 2120 crit
387 2057 449 2119 veri
472 2073 609 2118 caussam
630 2056 803 2117 ulciscentis
824 2055 967 2135 iniquam.

190 2168 306 2242 Omnia,
330 2185 405 2246 quae
428 2167 548 2227 fuerunt
566 2165 623 2228 tibi
645 2166 771 2245 pignora
793 2181 870 2238 cara,
892 2165 1060 2245 relinquam

188 2279 284 2359 Atque
306 2276 373 2349 boc,
396 2259 479 2338 exilii
502 2275 581 2356 quod
603 2276 732 2356 primum
754 2275 876 2355 conjicit
897 2291 994 2348 areos,

141 2400 173 2454 to
188 2388 242 2450 Est
263 2387 364 2450 telum.
408 2385 522 2459 bisses,
546 2393 579 2447 ut
600 2386 644 2447 sal
668 2385 747 2466 sapit
767 2403 836 2446 acre
858 2384 957 2466 palato

189 2497 318 2560 Alterius
338 2493 436 2576 panis,
461 2513 549 2575 quarn
572 2494 678 2556 sitnia
701 2495 775 2558 dura
797 2495 905 2558 terenti

190 2607 318 2670 Alterius
341 2604 445 2678 scalas,
469 2623 589 2666 sursum
612 2605 812 2686 deorsumque
833 2605 972 2667 meando.

192 2717 338 2796 Quodque
359 2715 456 2794 magis
475 2715 550 2777 duro
572 2723 621 2777 tua
642 2714 778 2794 pondere
799 2725 880 2794 terga
902 2713 1043 2794 merebit,
1080 2731 1087 2738 ·

190 2826 329 2908 Improba
351 2824 408 2888 erit
429 2825 569 2886 comitum
591 2824 734 2888 delabens
755 2825 843 2887 turba
864 2833 993 2897 tuorum,

142 2948 174 3004 55
191 2937 265 3000 Cum
287 2953 345 3015 qua
366 2942 397 2996 tu
419 2934 533 3014 pariter
551 2934 657 2996 vallem
679 2935 790 2998 laberis
811 2933 843 2996 in
864 2935 962 2998 istam.

189 3045 265 3108 Nam
286 3043 364 3106 male
386 3053 467 3124 mata
489 3043 553 3118 tibi,
576 3055 718 3114 etcoeea
740 3045 894 3126 deperdita
916 3053 1025 3119 mente,

190 3156 343 3236 Impiaque
365 3153 525 3217 adversans
547 3163 614 3216 ruet
635 3154 667 3216 in
689 3165 719 3216 te
742 3163 819 3230 tota;
842 3153 896 3216 sed
918 3156 983 3235 ipsa

189 3265 264 3328 Post
283 3264 372 3346 paulo
395 3264 514 3327 incedet
535 3264 613 3326 tristi
635 3266 748 3326 sudosa
769 3264 890 3326 nabore.

190 3375 294 3439 Exitus
316 3374 414 3436 insani
435 3382 534 3436 motus
557 3374 603 3436 sic
623 3385 689 3436 acta
710 3373 858 3456 probabit,

141 3495 174 3548 tt
190 3485 228 3547 Ut
248 3485 405 3565 ptdchrum
426 3483 518 3546 suerit
538 3483 598 3546 tibi·
613 3483 801 3546 consuluisse
824 3482 962 3546 seorsim.

189 3595 323 3658 Primum
343 3593 520 3674 perfugium,
542 3594 666 3674 hospitii
689 3611 761 3674 spes
782 3593 878 3674 prima
900 3593 996 3674 quieti
1119 3655 1121 3662 ,

191 3703 373 3769 Veronensis
395 3703 452 3765 erit
472 3704 571 3780 magni
593 3713 698 3766 tratura
719 3703 848 3782 benigna

190 3815 341 3876 Portautis
363 3813 483 3889 scalam,
506 3819 610 3875 sancto
633 3832 725 3894 super
746 3812 816 3875 alite
838 3819 947 3874 stame.

190 3923 246 3986 Hic
268 3932 297 3986 te
319 3924 460 4004 respiciet
482 3933 542 3985 tam
562 3923 720 3996 humanus,
743 3933 777 3986 ut
796 3923 875 3984 iuter
897 3921 1044 4000 utrimque

142 4034 314 4096 tabentem
338 4051 373 4094 ao
393 4042 578 4114 poscentem,
602 4033 652 4114 qni
675 4033 749 4096 alias
771 4033 849 4094 solet
870 4050 937 4094 esse
960 4031 1120 4105 secundus,

190 4143 246 4205 ltie
268 4143 469 4222 deprendatur
489 4144 615 4226 primus.
660 4142 773 4204 Deinde
795 4143 863 4222 ipse
884 4140 1000 4204 ridebis

190 4253 285 4334 liujus
307 4254 348 4316 ita
369 4253 514 4318 imbutum
536 4253 625 4315 tortis
645 4253 752 4315 virtute
773 4252 910 4332 plmetae

82 4388 85 4397 ·
190 4362 287 4424 Natali
309 4384 326 4426 a
347 4365 445 4444 primo
467 4381 603 4444 puerum,
626 4370 657 4426 ut
678 4361 858 4443 praelustria
881 4361 957 4423 iacta

82 4252 85 4461 i

82 4482 150 4568 i.--
