<?xml version="1.0" encoding="UTF-8"?>
<!DOCTYPE html PUBLIC "-//W3C//DTD XHTML 1.0 Transitional//EN"
    "http://www.w3.org/TR/xhtml1/DTD/xhtml1-transitional.dtd">
<html xmlns="http://www.w3.org/1999/xhtml" xml:lang="en" lang="en">
 <head>
  <title>
</title>
<meta http-equiv="Content-Type" content="text/html;charset=utf-8" />
  <meta name='ocr-system' content='tesseract 3.04.00' />
  <meta name='ocr-capabilities' content='ocr_page ocr_carea ocr_par ocr_line ocrx_word'/>
</head>
<body>
  <div class='ocr_page' id='page_1' title='image "./divinacomoedia00piazgoog_0412.png"; bbox 0 0 3144 5164; ppageno 0'>
   <div class='ocr_carea' id='block_1_1' title="bbox 465 389 974 400">
    <p class='ocr_par' dir='ltr' id='par_1_1' title="bbox 465 389 974 400">
     <span class='ocr_line' id='line_1_1' title="bbox 465 389 974 400; baseline 0.002 -1"><span class='ocrx_word' id='word_1_1' title='bbox 465 389 974 400; x_wconf 66' lang='lat' dir='ltr'>-—·-———.-—-—---—-——-u—</span> 
     </span>
    </p>
   </div>
   <div class='ocr_carea' id='block_1_2' title="bbox 598 443 805 496">
    <p class='ocr_par' dir='ltr' id='par_1_2' title="bbox 598 443 805 496">
     <span class='ocr_line' id='line_1_2' title="bbox 598 443 805 496; baseline 0.014 -3"><span class='ocrx_word' id='word_1_2' title='bbox 598 443 732 495; x_wconf 78' lang='lat' dir='ltr'>utnsutst</span> <span class='ocrx_word' id='word_1_3' title='bbox 748 445 805 496; x_wconf 76' lang='lat' dir='ltr'>Xiii.</span> 
     </span>
    </p>
   </div>
   <div class='ocr_carea' id='block_1_3' title="bbox 85 562 89 650">
    <p class='ocr_par' dir='ltr' id='par_1_3' title="bbox 85 562 89 650">
     <span class='ocr_line' id='line_1_3' title="bbox 85 562 89 650; baseline 0 0"><span class='ocrx_word' id='word_1_4' title='bbox 85 562 89 650; x_wconf 81' lang='lat' dir='ltr'>i</span> 
     </span>
    </p>
   </div>
   <div class='ocr_carea' id='block_1_4' title="bbox 86 651 1023 963">
    <p class='ocr_par' dir='ltr' id='par_1_4' title="bbox 86 651 1023 963">
     <span class='ocr_line' id='line_1_4' title="bbox 86 651 980 747; baseline 0.004 -25"><span class='ocrx_word' id='word_1_5' title='bbox 86 651 89 747; x_wconf 60' lang='lat' dir='ltr'>i</span> <span class='ocrx_word' id='word_1_6' title='bbox 196 660 259 723; x_wconf 79' lang='lat' dir='ltr'>iste</span> <span class='ocrx_word' id='word_1_7' title='bbox 281 681 367 723; x_wconf 86' lang='lat' dir='ltr'>suum</span> <span class='ocrx_word' id='word_1_8' title='bbox 390 671 438 722; x_wconf 91' lang='lat' dir='ltr'>est</span> <span class='ocrx_word' id='word_1_9' title='bbox 457 661 540 724; x_wconf 86' lang='lat' dir='ltr'>risus</span> <span class='ocrx_word' id='word_1_10' title='bbox 562 662 732 742; x_wconf 75' lang='lat' dir='ltr'>quingentis</span> <span class='ocrx_word' id='word_1_11' title='bbox 756 662 880 725; x_wconf 89' lang='lat' dir='ltr'>orbibus</span> <span class='ocrx_word' id='word_1_12' title='bbox 903 663 980 741; x_wconf 81' lang='lat' dir='ltr'>ignis</span> 
     </span>
     <span class='ocr_line' id='line_1_5' title="bbox 148 771 934 852; baseline -0.004 -15"><span class='ocrx_word' id='word_1_13' title='bbox 148 783 180 837; x_wconf 77' lang='lat'>³5</span> <span class='ocrx_word' id='word_1_14' title='bbox 197 771 339 852; x_wconf 87' lang='lat' dir='ltr'>Expletis,</span> <span class='ocrx_word' id='word_1_15' title='bbox 363 771 524 851; x_wconf 80' lang='lat' dir='ltr'>deciesque</span> <span class='ocrx_word' id='word_1_16' title='bbox 547 772 673 843; x_wconf 89' lang='lat' dir='ltr'>octonis,</span> <span class='ocrx_word' id='word_1_17' title='bbox 696 791 801 834; x_wconf 91' lang='lat' dir='ltr'>rursus</span> <span class='ocrx_word' id='word_1_18' title='bbox 824 780 857 834; x_wconf 89' lang='lat' dir='ltr'>ut</span> <span class='ocrx_word' id='word_1_19' title='bbox 878 771 934 834; x_wconf 83' lang='lat' dir='ltr'>ista</span> 
     </span>
     <span class='ocr_line' id='line_1_6' title="bbox 198 880 1023 963; baseline 0.006 -20"><span class='ocrx_word' id='word_1_20' title='bbox 198 882 260 943; x_wconf 85' lang='lat' dir='ltr'>Sub</span> <span class='ocrx_word' id='word_1_21' title='bbox 281 882 383 962; x_wconf 86' lang='lat' dir='ltr'>planta</span> <span class='ocrx_word' id='word_1_22' title='bbox 406 881 534 942; x_wconf 80' lang='lat' dir='ltr'>arderet</span> <span class='ocrx_word' id='word_1_23' title='bbox 578 880 717 944; x_wconf 87' lang='lat' dir='ltr'>Patribus</span> <span class='ocrx_word' id='word_1_24' title='bbox 739 881 885 944; x_wconf 86' lang='lat' dir='ltr'>cunabula</span> <span class='ocrx_word' id='word_1_25' title='bbox 908 883 1023 963; x_wconf 82' lang='lat' dir='ltr'>primis.</span> 
     </span>
    </p>
   </div>
   <div class='ocr_carea' id='block_1_5' title="bbox 85 989 1068 1331">
    <p class='ocr_par' dir='ltr' id='par_1_5' title="bbox 85 989 1068 1331">
     <span class='ocr_line' id='line_1_7' title="bbox 197 989 1068 1071; baseline 0.002 -19"><span class='ocrx_word' id='word_1_26' title='bbox 197 993 294 1071; x_wconf 79' lang='lat' dir='ltr'>Atque</span> <span class='ocrx_word' id='word_1_27' title='bbox 315 991 388 1053; x_wconf 88' lang='lat' dir='ltr'>mihi</span> <span class='ocrx_word' id='word_1_28' title='bbox 412 989 495 1052; x_wconf 83' lang='lat' dir='ltr'><strong>dedit</strong></span> <span class='ocrx_word' id='word_1_29' title='bbox 517 990 543 1051; x_wconf 91' lang='lat' dir='ltr'>is</span> <span class='ocrx_word' id='word_1_30' title='bbox 565 989 659 1064; x_wconf 87' lang='lat' dir='ltr'>iocus,</span> <span class='ocrx_word' id='word_1_31' title='bbox 682 989 767 1052; x_wconf 89' lang='lat' dir='ltr'>urbis</span> <span class='ocrx_word' id='word_1_32' title='bbox 787 989 839 1052; x_wconf 90' lang='lat' dir='ltr'>ubi</span> <span class='ocrx_word' id='word_1_33' title='bbox 861 991 962 1054; x_wconf 88' lang='lat' dir='ltr'>ultima</span> <span class='ocrx_word' id='word_1_34' title='bbox 985 1001 1068 1054; x_wconf 85' lang='lat' dir='ltr'>sexta</span> 
     </span>
     <span class='ocr_line' id='line_1_8' title="bbox 196 1099 1028 1182; baseline 0.001 -20"><span class='ocrx_word' id='word_1_35' title='bbox 196 1101 251 1162; x_wconf 88' lang='lat' dir='ltr'>Est</span> <span class='ocrx_word' id='word_1_36' title='bbox 271 1101 355 1179; x_wconf 88' lang='lat' dir='ltr'>regio</span> <span class='ocrx_word' id='word_1_37' title='bbox 378 1119 413 1162; x_wconf 86' lang='lat' dir='ltr'>ex</span> <span class='ocrx_word' id='word_1_38' title='bbox 436 1117 535 1173; x_wconf 89' lang='lat' dir='ltr'>cursu,</span> <span class='ocrx_word' id='word_1_39' title='bbox 558 1117 645 1180; x_wconf 89' lang='lat' dir='ltr'>quem</span> <span class='ocrx_word' id='word_1_40' title='bbox 668 1099 753 1162; x_wconf 85' lang='lat' dir='ltr'>robis</span> <span class='ocrx_word' id='word_1_41' title='bbox 773 1100 861 1162; x_wconf 90' lang='lat' dir='ltr'>ludus</span> <span class='ocrx_word' id='word_1_42' title='bbox 884 1120 1028 1182; x_wconf 85' lang='lat' dir='ltr'>equorum</span> 
     </span>
     <span class='ocr_line' id='line_1_9' title="bbox 85 1209 922 1331; baseline 0.001 -60"><span class='ocrx_word' id='word_1_43' title='bbox 85 1240 89 1331; x_wconf 70' lang='grc'>1</span> <span class='ocrx_word' id='word_1_44' title='bbox 179 1211 320 1272; x_wconf 58' lang='lat' dir='ltr'>Annuus</span> <span class='ocrx_word' id='word_1_45' title='bbox 343 1209 479 1273; x_wconf 88' lang='lat' dir='ltr'>absolvit.</span> <span class='ocrx_word' id='word_1_46' title='bbox 521 1209 569 1272; x_wconf 87' lang='lat' dir='ltr'>Nil</span> <span class='ocrx_word' id='word_1_47' title='bbox 591 1209 629 1272; x_wconf 91' lang='lat' dir='ltr'>de</span> <span class='ocrx_word' id='word_1_48' title='bbox 650 1209 814 1304; x_wconf 77' lang='lat' dir='ltr'>majoribus</span> <span class='ocrx_word' id='word_1_49' title='bbox 835 1211 922 1273; x_wconf 78' lang='lat' dir='ltr'>ultra</span> 
     </span>
    </p>
   </div>
   <div class='ocr_carea' id='block_1_6' title="bbox 82 1318 1225 4474">
    <p class='ocr_par' dir='ltr' id='par_1_6' title="bbox 82 1318 1225 4474">
     <span class='ocr_line' id='line_1_10' title="bbox 84 1318 1158 1453; baseline 0.004 -73"><span class='ocrx_word' id='word_1_50' title='bbox 84 1376 87 1453; x_wconf 42' lang='grc' dir='ltr'><em>Α</em></span> <span class='ocrx_word' id='word_1_51' title='bbox 147 1328 181 1380; x_wconf 88' lang='lat' dir='ltr'>to</span> <span class='ocrx_word' id='word_1_52' title='bbox 199 1319 256 1393; x_wconf 87' lang='lat' dir='ltr'>Qui</span> <span class='ocrx_word' id='word_1_53' title='bbox 279 1320 399 1394; x_wconf 80' lang='lat' dir='ltr'>suerint,</span> <span class='ocrx_word' id='word_1_54' title='bbox 424 1339 499 1399; x_wconf 87' lang='lat' dir='ltr'>quae</span> <span class='ocrx_word' id='word_1_55' title='bbox 523 1337 628 1381; x_wconf 81' lang='lat' dir='ltr'>caussa</span> <span class='ocrx_word' id='word_1_56' title='bbox 650 1318 711 1380; x_wconf 89' lang='lat' dir='ltr'>iilis</span> <span class='ocrx_word' id='word_1_57' title='bbox 733 1319 811 1381; x_wconf 86' lang='lat' dir='ltr'>hano</span> <span class='ocrx_word' id='word_1_58' title='bbox 833 1321 961 1384; x_wconf 79' lang='lat' dir='ltr'>suaserit</span> <span class='ocrx_word' id='word_1_59' title='bbox 982 1319 1086 1384; x_wconf 85' lang='lat' dir='ltr'>urbem</span> <span class='ocrx_word' id='word_1_60' title='bbox 1155 1395 1158 1400; x_wconf 24' lang='lat'><strong><em>¹</em></strong></span> 
     </span>
     <span class='ocr_line' id='line_1_11' title="bbox 84 1428 1142 1510; baseline 0.003 -19"><span class='ocrx_word' id='word_1_61' title='bbox 84 1462 87 1473; x_wconf 79' lang='lat'>,</span> <span class='ocrx_word' id='word_1_62' title='bbox 196 1431 355 1510; x_wconf 79' lang='lat' dir='ltr'>Appetere,</span> <span class='ocrx_word' id='word_1_63' title='bbox 380 1441 426 1490; x_wconf 91' lang='lat' dir='ltr'>est</span> <span class='ocrx_word' id='word_1_64' title='bbox 447 1429 578 1492; x_wconf 81' lang='lat' dir='ltr'><strong>tacuisse</strong></span> <span class='ocrx_word' id='word_1_65' title='bbox 600 1428 704 1508; x_wconf 76' lang='lat' dir='ltr'>inagis,</span> <span class='ocrx_word' id='word_1_66' title='bbox 727 1446 815 1509; x_wconf 83' lang='lat' dir='ltr'>quem</span> <span class='ocrx_word' id='word_1_67' title='bbox 839 1430 950 1503; x_wconf 83' lang='lat' dir='ltr'>dicere,</span> <span class='ocrx_word' id='word_1_68' title='bbox 972 1431 1142 1494; x_wconf 84' lang='lat' dir='ltr'>honestum.</span> 
     </span>
     <span class='ocr_line' id='line_1_12' title="bbox 84 1478 985 1620; baseline 0.001 -19"><span class='ocrx_word' id='word_1_69' title='bbox 84 1478 87 1611; x_wconf 47' lang='grc' dir='ltr'><strong>μ</strong></span> <span class='ocrx_word' id='word_1_70' title='bbox 197 1539 292 1601; x_wconf 84' lang='lat' dir='ltr'>Totus</span> <span class='ocrx_word' id='word_1_71' title='bbox 314 1540 355 1600; x_wconf 92' lang='lat' dir='ltr'>ibi</span> <span class='ocrx_word' id='word_1_72' title='bbox 377 1539 517 1620; x_wconf 82' lang='lat' dir='ltr'>populus,</span> <span class='ocrx_word' id='word_1_73' title='bbox 539 1538 586 1602; x_wconf 92' lang='lat' dir='ltr'>cui</span> <span class='ocrx_word' id='word_1_74' title='bbox 608 1538 654 1600; x_wconf 83' lang='lat' dir='ltr'>ris</span> <span class='ocrx_word' id='word_1_75' title='bbox 678 1547 740 1601; x_wconf 89' lang='lat' dir='ltr'>erat</span> <span class='ocrx_word' id='word_1_76' title='bbox 762 1547 830 1620; x_wconf 84' lang='lat' dir='ltr'>apta</span> <span class='ocrx_word' id='word_1_77' title='bbox 853 1539 985 1602; x_wconf 87' lang='lat' dir='ltr'>serendis</span> 
     </span>
     <span class='ocr_line' id='line_1_13' title="bbox 195 1647 988 1729; baseline 0 -19"><span class='ocrx_word' id='word_1_78' title='bbox 195 1649 304 1721; x_wconf 77' lang='lat' dir='ltr'>Armis,</span> <span class='ocrx_word' id='word_1_79' title='bbox 327 1649 353 1710; x_wconf 91' lang='lat' dir='ltr'>si</span> <span class='ocrx_word' id='word_1_80' title='bbox 377 1647 502 1729; x_wconf 88' lang='lat' dir='ltr'>incipias</span> <span class='ocrx_word' id='word_1_81' title='bbox 526 1668 542 1710; x_wconf 93' lang='lat' dir='ltr'>a</span> <span class='ocrx_word' id='word_1_82' title='bbox 564 1649 665 1710; x_wconf 84' lang='lat' dir='ltr'>Martis</span> <span class='ocrx_word' id='word_1_83' title='bbox 688 1648 725 1710; x_wconf 91' lang='lat' dir='ltr'>ad</span> <span class='ocrx_word' id='word_1_84' title='bbox 747 1667 843 1728; x_wconf 87' lang='lat' dir='ltr'>usque</span> <span class='ocrx_word' id='word_1_85' title='bbox 863 1649 988 1712; x_wconf 77' lang='lat' dir='ltr'>ioannis</span> 
     </span>
     <span class='ocr_line' id='line_1_14' title="bbox 83 1758 1108 1841; baseline 0.002 -21"><span class='ocrx_word' id='word_1_86' title='bbox 83 1788 86 1841; x_wconf 64' lang='grc' dir='ltr'>ς</span> <span class='ocrx_word' id='word_1_87' title='bbox 197 1758 323 1832; x_wconf 83' lang='lat' dir='ltr'>Cultum,</span> <span class='ocrx_word' id='word_1_88' title='bbox 348 1759 449 1838; x_wconf 89' lang='lat' dir='ltr'>quinta</span> <span class='ocrx_word' id='word_1_89' title='bbox 473 1767 549 1832; x_wconf 89' lang='lat' dir='ltr'>tuae,</span> <span class='ocrx_word' id='word_1_90' title='bbox 574 1777 661 1838; x_wconf 86' lang='lat' dir='ltr'>quam</span> <span class='ocrx_word' id='word_1_91' title='bbox 685 1759 745 1820; x_wconf 90' lang='lat' dir='ltr'>scis</span> <span class='ocrx_word' id='word_1_92' title='bbox 767 1759 857 1820; x_wconf 89' lang='lat' dir='ltr'>modo</span> <span class='ocrx_word' id='word_1_93' title='bbox 880 1758 987 1832; x_wconf 79' lang='lat' dir='ltr'>virere,</span> <span class='ocrx_word' id='word_1_94' title='bbox 1010 1760 1108 1836; x_wconf 74' lang='lat' dir='ltr'>gentis</span> 
     </span>
     <span class='ocr_line' id='line_1_15' title="bbox 83 1856 1093 1961; baseline 0.007 -37"><span class='ocrx_word' id='word_1_95' title='bbox 83 1856 87 1961; x_wconf 70' lang='lat'>1</span> <span class='ocrx_word' id='word_1_96' title='bbox 145 1869 178 1924; x_wconf 76' lang='lat' dir='ltr'>to</span> <span class='ocrx_word' id='word_1_97' title='bbox 196 1869 269 1930; x_wconf 84' lang='lat' dir='ltr'>Pars</span> <span class='ocrx_word' id='word_1_98' title='bbox 292 1877 364 1930; x_wconf 89' lang='lat' dir='ltr'>erat.</span> <span class='ocrx_word' id='word_1_99' title='bbox 410 1869 525 1930; x_wconf 84' lang='lat' dir='ltr'>Urbane</span> <span class='ocrx_word' id='word_1_100' title='bbox 549 1878 579 1930; x_wconf 86' lang='lat' dir='ltr'>at</span> <span class='ocrx_word' id='word_1_101' title='bbox 600 1867 732 1941; x_wconf 84' lang='lat' dir='ltr'>soboles,</span> <span class='ocrx_word' id='word_1_102' title='bbox 754 1867 844 1932; x_wconf 88' lang='lat' dir='ltr'>modo</span> <span class='ocrx_word' id='word_1_103' title='bbox 868 1868 982 1931; x_wconf 89' lang='lat' dir='ltr'>semine</span> <span class='ocrx_word' id='word_1_104' title='bbox 1004 1869 1093 1932; x_wconf 84' lang='lat' dir='ltr'>miste</span> 
     </span>
     <span class='ocr_line' id='line_1_16' title="bbox 83 1964 927 2074; baseline -0.002 -34"><span class='ocrx_word' id='word_1_105' title='bbox 83 1964 87 2059; x_wconf 83' lang='grc' dir='ltr'>Ι</span> <span class='ocrx_word' id='word_1_106' title='bbox 196 1977 308 2058; x_wconf 86' lang='lat' dir='ltr'>Campi,</span> <span class='ocrx_word' id='word_1_107' title='bbox 331 1977 620 2074; x_wconf 30' lang='lat' dir='ltr'>Certaldi,xFighini,</span> <span class='ocrx_word' id='word_1_108' title='bbox 643 1996 718 2057; x_wconf 81' lang='lat' dir='ltr'>pirro</span> <span class='ocrx_word' id='word_1_109' title='bbox 740 1987 858 2058; x_wconf 87' lang='lat' dir='ltr'>reperta</span> <span class='ocrx_word' id='word_1_110' title='bbox 881 1986 927 2039; x_wconf 89' lang='lat' dir='ltr'>est</span> 
     </span>
     <span class='ocr_line' id='line_1_17' title="bbox 195 2087 1159 2170; baseline 0.003 -21"><span class='ocrx_word' id='word_1_111' title='bbox 195 2088 333 2150; x_wconf 86' lang='lat' dir='ltr'>Indmum</span> <span class='ocrx_word' id='word_1_112' title='bbox 354 2089 391 2150; x_wconf 91' lang='lat' dir='ltr'>ad</span> <span class='ocrx_word' id='word_1_113' title='bbox 413 2107 510 2170; x_wconf 89' lang='lat' dir='ltr'>usque</span> <span class='ocrx_word' id='word_1_114' title='bbox 532 2087 658 2150; x_wconf 78' lang='lat' dir='ltr'>fabrum.</span> <span class='ocrx_word' id='word_1_115' title='bbox 702 2088 761 2150; x_wconf 88' lang='lat' dir='ltr'>Sed</span> <span class='ocrx_word' id='word_1_116' title='bbox 785 2095 895 2167; x_wconf 79' lang='lat' dir='ltr'>qrtamo</span> <span class='ocrx_word' id='word_1_117' title='bbox 918 2088 1049 2167; x_wconf 73' lang='lat' dir='ltr'>oputius</span> <span class='ocrx_word' id='word_1_118' title='bbox 1068 2099 1159 2165; x_wconf 87' lang='lat' dir='ltr'>esset,</span> 
     </span>
     <span class='ocr_line' id='line_1_18' title="bbox 195 2195 1014 2278; baseline 0.002 -20"><span class='ocrx_word' id='word_1_119' title='bbox 195 2195 280 2259; x_wconf 91' lang='lat' dir='ltr'>Nunc</span> <span class='ocrx_word' id='word_1_120' title='bbox 303 2215 421 2278; x_wconf 89' lang='lat' dir='ltr'>quoque</span> <span class='ocrx_word' id='word_1_121' title='bbox 442 2198 588 2271; x_wconf 87' lang='lat' dir='ltr'>finitimis,</span> <span class='ocrx_word' id='word_1_122' title='bbox 612 2217 686 2277; x_wconf 88' lang='lat' dir='ltr'>quas</span> <span class='ocrx_word' id='word_1_123' title='bbox 708 2197 786 2270; x_wconf 90' lang='lat' dir='ltr'>dico,</span> <span class='ocrx_word' id='word_1_124' title='bbox 810 2195 948 2275; x_wconf 80' lang='lat' dir='ltr'>gentihus</span> <span class='ocrx_word' id='word_1_125' title='bbox 972 2199 1014 2260; x_wconf 89' lang='lat' dir='ltr'>uti</span> 
     </span>
     <span class='ocr_line' id='line_1_19' title="bbox 83 2306 989 2387; baseline 0.001 -18"><span class='ocrx_word' id='word_1_126' title='bbox 83 2363 86 2383; x_wconf 80' lang='grc'>,</span> <span class='ocrx_word' id='word_1_127' title='bbox 197 2306 257 2381; x_wconf 83' lang='grc' dir='ltr'>8ἰο,</span> <span class='ocrx_word' id='word_1_128' title='bbox 279 2313 312 2369; x_wconf 91' lang='lat' dir='ltr'>ut</span> <span class='ocrx_word' id='word_1_129' title='bbox 332 2307 516 2387; x_wconf 87' lang='lat' dir='ltr'>Tresplanus</span> <span class='ocrx_word' id='word_1_130' title='bbox 537 2315 651 2369; x_wconf 89' lang='lat' dir='ltr'>tautum</span> <span class='ocrx_word' id='word_1_131' title='bbox 674 2314 705 2369; x_wconf 91' lang='lat' dir='ltr'>et</span> <span class='ocrx_word' id='word_1_132' title='bbox 726 2307 899 2387; x_wconf 85' lang='lat' dir='ltr'>Galluppius</span> <span class='ocrx_word' id='word_1_133' title='bbox 921 2307 989 2370; x_wconf 90' lang='lat' dir='ltr'>urbi</span> 
     </span>
     <span class='ocr_line' id='line_1_20' title="bbox 83 2391 1088 2498; baseline 0.01 -26"><span class='ocrx_word' id='word_1_134' title='bbox 83 2391 87 2494; x_wconf 55' lang='lat' dir='ltr'>i</span> <span class='ocrx_word' id='word_1_135' title='bbox 146 2405 179 2472; x_wconf 80' lang='lat' dir='ltr'>ad</span> <span class='ocrx_word' id='word_1_136' title='bbox 196 2418 354 2480; x_wconf 82' lang='lat' dir='ltr'>Terminus</span> <span class='ocrx_word' id='word_1_137' title='bbox 375 2417 521 2490; x_wconf 80' lang='lat' dir='ltr'>haereret,</span> <span class='ocrx_word' id='word_1_138' title='bbox 544 2435 632 2498; x_wconf 86' lang='lat' dir='ltr'>quem</span> <span class='ocrx_word' id='word_1_139' title='bbox 654 2417 709 2478; x_wconf 89' lang='lat' dir='ltr'>has</span> <span class='ocrx_word' id='word_1_140' title='bbox 731 2417 806 2479; x_wconf 91' lang='lat' dir='ltr'>intra</span> <span class='ocrx_word' id='word_1_141' title='bbox 828 2417 947 2482; x_wconf 88' lang='lat' dir='ltr'>moenia</span> <span class='ocrx_word' id='word_1_142' title='bbox 968 2417 1088 2492; x_wconf 87' lang='lat' dir='ltr'>habere,</span> 
     </span>
     <span class='ocr_line' id='line_1_21' title="bbox 194 2525 895 2607; baseline 0.003 -19"><span class='ocrx_word' id='word_1_143' title='bbox 194 2525 395 2607; x_wconf 90' lang='lat' dir='ltr'>Putoremque</span> <span class='ocrx_word' id='word_1_144' title='bbox 417 2527 479 2607; x_wconf 84' lang='lat' dir='ltr'>peti</span> <span class='ocrx_word' id='word_1_145' title='bbox 501 2545 577 2607; x_wconf 83' lang='lat' dir='ltr'>pugo</span> <span class='ocrx_word' id='word_1_146' title='bbox 598 2526 745 2606; x_wconf 76' lang='lat' dir='ltr'>Aguliune</span> <span class='ocrx_word' id='word_1_147' title='bbox 767 2527 895 2607; x_wconf 80' lang='lat' dir='ltr'>profecti</span> 
     </span>
     <span class='ocr_line' id='line_1_22' title="bbox 194 2635 1001 2717; baseline 0.002 -21"><span class='ocrx_word' id='word_1_148' title='bbox 194 2636 290 2698; x_wconf 75' lang='lat' dir='ltr'>villici</span> <span class='ocrx_word' id='word_1_149' title='bbox 313 2647 342 2698; x_wconf 90' lang='lat' dir='ltr'>et</span> <span class='ocrx_word' id='word_1_150' title='bbox 363 2636 486 2699; x_wconf 81' lang='lat' dir='ltr'>citerius</span> <span class='ocrx_word' id='word_1_151' title='bbox 509 2637 619 2716; x_wconf 84' lang='lat' dir='ltr'>Signae</span> <span class='ocrx_word' id='word_1_152' title='bbox 642 2637 709 2711; x_wconf 88' lang='lat' dir='ltr'>orti,</span> <span class='ocrx_word' id='word_1_153' title='bbox 728 2635 791 2717; x_wconf 83' lang='lat' dir='ltr'>jam</span> <span class='ocrx_word' id='word_1_154' title='bbox 813 2637 903 2698; x_wconf 87' lang='lat' dir='ltr'>nimis</span> <span class='ocrx_word' id='word_1_155' title='bbox 922 2635 1001 2698; x_wconf 81' lang='lat' dir='ltr'>uotis</span> 
     </span>
     <span class='ocr_line' id='line_1_23' title="bbox 193 2745 1084 2827; baseline 0.002 -19"><span class='ocrx_word' id='word_1_156' title='bbox 193 2745 238 2808; x_wconf 79' lang='lat' dir='ltr'>Ad</span> <span class='ocrx_word' id='word_1_157' title='bbox 260 2747 404 2809; x_wconf 79' lang='lat' dir='ltr'>fraudem.</span> <span class='ocrx_word' id='word_1_158' title='bbox 448 2746 523 2822; x_wconf 88' lang='lat' dir='ltr'>Nisi,</span> <span class='ocrx_word' id='word_1_159' title='bbox 547 2763 635 2827; x_wconf 86' lang='lat' dir='ltr'>quern</span> <span class='ocrx_word' id='word_1_160' title='bbox 657 2746 725 2827; x_wconf 85' lang='lat' dir='ltr'>plus</span> <span class='ocrx_word' id='word_1_161' title='bbox 747 2747 946 2826; x_wconf 79' lang='lat' dir='ltr'>degenerasse</span> <span class='ocrx_word' id='word_1_162' title='bbox 968 2747 1084 2822; x_wconf 81' lang='lat' dir='ltr'>ridetis,</span> 
     </span>
     <span class='ocr_line' id='line_1_24' title="bbox 193 2856 912 2938; baseline -0.001 -20"><span class='ocrx_word' id='word_1_163' title='bbox 193 2856 227 2918; x_wconf 86' lang='lat' dir='ltr'>in</span> <span class='ocrx_word' id='word_1_164' title='bbox 250 2857 337 2918; x_wconf 83' lang='lat' dir='ltr'>terris</span> <span class='ocrx_word' id='word_1_165' title='bbox 360 2875 433 2936; x_wconf 85' lang='lat' dir='ltr'>gens</span> <span class='ocrx_word' id='word_1_166' title='bbox 454 2857 587 2935; x_wconf 76' lang='lat' dir='ltr'>Augusto</span> <span class='ocrx_word' id='word_1_167' title='bbox 610 2863 761 2938; x_wconf 88' lang='lat' dir='ltr'>comperta</span> <span class='ocrx_word' id='word_1_168' title='bbox 785 2873 912 2918; x_wconf 83' lang='lat' dir='ltr'>noverca</span> 
     </span>
     <span class='ocr_line' id='line_1_25' title="bbox 82 2965 1008 3046; baseline 0.003 -21"><span class='ocrx_word' id='word_1_169' title='bbox 82 2998 84 3025; x_wconf 87' lang='lat' dir='ltr'>t</span> <span class='ocrx_word' id='word_1_170' title='bbox 145 2965 176 3020; x_wconf 68' lang='lat'>55</span> <span class='ocrx_word' id='word_1_171' title='bbox 193 2966 289 3042; x_wconf 86' lang='lat' dir='ltr'>Esset,</span> <span class='ocrx_word' id='word_1_172' title='bbox 314 2976 345 3030; x_wconf 88' lang='lat' dir='ltr'>at</span> <span class='ocrx_word' id='word_1_173' title='bbox 365 2976 398 3029; x_wconf 92' lang='lat' dir='ltr'>ut</span> <span class='ocrx_word' id='word_1_174' title='bbox 418 2965 543 3046; x_wconf 84' lang='lat' dir='ltr'>proprio</span> <span class='ocrx_word' id='word_1_175' title='bbox 565 2966 692 3045; x_wconf 79' lang='lat' dir='ltr'>genitrix</span> <span class='ocrx_word' id='word_1_176' title='bbox 714 2985 774 3030; x_wconf 94' lang='lat' dir='ltr'>non</span> <span class='ocrx_word' id='word_1_177' title='bbox 796 2967 907 3028; x_wconf 86' lang='lat' dir='ltr'>rustice</span> <span class='ocrx_word' id='word_1_178' title='bbox 930 2975 1008 3040; x_wconf 88' lang='lat' dir='ltr'>natu,</span> 
     </span>
     <span class='ocr_line' id='line_1_26' title="bbox 193 3075 956 3156; baseline 0.001 -19"><span class='ocrx_word' id='word_1_179' title='bbox 193 3075 275 3137; x_wconf 82' lang='lat' dir='ltr'>Talis</span> <span class='ocrx_word' id='word_1_180' title='bbox 297 3095 331 3137; x_wconf 91' lang='lat' dir='ltr'>se</span> <span class='ocrx_word' id='word_1_181' title='bbox 348 3076 442 3156; x_wconf 73' lang='lat' dir='ltr'>iactet</span> <span class='ocrx_word' id='word_1_182' title='bbox 461 3077 551 3138; x_wconf 88' lang='lat' dir='ltr'>modo</span> <span class='ocrx_word' id='word_1_183' title='bbox 575 3077 721 3154; x_wconf 79' lang='lat' dir='ltr'>sanguine</span> <span class='ocrx_word' id='word_1_184' title='bbox 742 3076 956 3150; x_wconf 79' lang='lat' dir='ltr'>Florentinum,</span> 
     </span>
     <span class='ocr_line' id='line_1_27' title="bbox 192 3185 1004 3266; baseline 0.001 -20"><span class='ocrx_word' id='word_1_185' title='bbox 192 3185 293 3260; x_wconf 81' lang='lat' dir='ltr'>Mutat,</span> <span class='ocrx_word' id='word_1_186' title='bbox 315 3194 473 3259; x_wconf 85' lang='lat' dir='ltr'>mercatur,</span> <span class='ocrx_word' id='word_1_187' title='bbox 497 3186 701 3266; x_wconf 86' lang='lat' dir='ltr'>Semipontem</span> <span class='ocrx_word' id='word_1_188' title='bbox 723 3187 773 3266; x_wconf 91' lang='lat' dir='ltr'>qui</span> <span class='ocrx_word' id='word_1_189' title='bbox 795 3186 841 3248; x_wconf 87' lang='lat' dir='ltr'>ire</span> <span class='ocrx_word' id='word_1_190' title='bbox 863 3186 1004 3265; x_wconf 76' lang='lat' dir='ltr'>cupisset,</span> 
     </span>
     <span class='ocr_line' id='line_1_28' title="bbox 191 3293 992 3376; baseline 0.001 -21"><span class='ocrx_word' id='word_1_191' title='bbox 191 3293 289 3356; x_wconf 89' lang='lat' dir='ltr'>Patris</span> <span class='ocrx_word' id='word_1_192' title='bbox 310 3295 360 3357; x_wconf 87' lang='lat' dir='ltr'>uhi</span> <span class='ocrx_word' id='word_1_193' title='bbox 383 3296 501 3373; x_wconf 76' lang='lat' dir='ltr'>genitor</span> <span class='ocrx_word' id='word_1_194' title='bbox 521 3315 629 3376; x_wconf 83' lang='lat' dir='ltr'>parvae</span> <span class='ocrx_word' id='word_1_195' title='bbox 651 3295 739 3376; x_wconf 85' lang='lat' dir='ltr'>stipis</span> <span class='ocrx_word' id='word_1_196' title='bbox 761 3313 812 3358; x_wconf 91' lang='lat' dir='ltr'>aes</span> <span class='ocrx_word' id='word_1_197' title='bbox 834 3295 992 3374; x_wconf 77' lang='lat' dir='ltr'>rogitabat.</span> 
     </span>
     <span class='ocr_line' id='line_1_29' title="bbox 191 3403 1017 3485; baseline 0.002 -20"><span class='ocrx_word' id='word_1_198' title='bbox 191 3403 405 3466; x_wconf 83' lang='lat' dir='ltr'>Montemurlus</span> <span class='ocrx_word' id='word_1_199' title='bbox 428 3405 524 3467; x_wconf 89' lang='lat' dir='ltr'>adhuc</span> <span class='ocrx_word' id='word_1_200' title='bbox 546 3405 695 3469; x_wconf 84' lang='lat' dir='ltr'>Comitum</span> <span class='ocrx_word' id='word_1_201' title='bbox 717 3404 772 3466; x_wconf 91' lang='lat' dir='ltr'>sub</span> <span class='ocrx_word' id='word_1_202' title='bbox 791 3405 859 3485; x_wconf 84' lang='lat' dir='ltr'>jure</span> <span class='ocrx_word' id='word_1_203' title='bbox 880 3417 1017 3467; x_wconf 88' lang='lat' dir='ltr'>maneret</span> 
     </span>
     <span class='ocr_line' id='line_1_30' title="bbox 143 3514 1043 3596; baseline 0 -19"><span class='ocrx_word' id='word_1_204' title='bbox 143 3514 175 3568; x_wconf 81' lang='lat'>⁶⁰</span> <span class='ocrx_word' id='word_1_205' title='bbox 192 3515 365 3590; x_wconf 78' lang='lat' dir='ltr'>Contentus,</span> <span class='ocrx_word' id='word_1_206' title='bbox 389 3515 563 3595; x_wconf 79' lang='lat' dir='ltr'>Censusque</span> <span class='ocrx_word' id='word_1_207' title='bbox 585 3517 693 3583; x_wconf 80' lang='lat' dir='ltr'>iurent,</span> <span class='ocrx_word' id='word_1_208' title='bbox 716 3514 767 3578; x_wconf 90' lang='lat' dir='ltr'>ubi</span> <span class='ocrx_word' id='word_1_209' title='bbox 789 3522 891 3596; x_wconf 87' lang='lat' dir='ltr'>pastor</span> <span class='ocrx_word' id='word_1_210' title='bbox 911 3515 1043 3577; x_wconf 83' lang='lat' dir='ltr'>Aeonem</span> 
     </span>
     <span class='ocr_line' id='line_1_31' title="bbox 192 3623 1070 3706; baseline 0.003 -21"><span class='ocrx_word' id='word_1_211' title='bbox 192 3623 343 3685; x_wconf 82' lang='lat' dir='ltr'>Convocat</span> <span class='ocrx_word' id='word_1_212' title='bbox 363 3643 432 3686; x_wconf 88' lang='lat' dir='ltr'>aere</span> <span class='ocrx_word' id='word_1_213' title='bbox 455 3643 527 3686; x_wconf 85' lang='lat' dir='ltr'>cavo</span> <span class='ocrx_word' id='word_1_214' title='bbox 549 3625 702 3706; x_wconf 87' lang='lat' dir='ltr'>populum,</span> <span class='ocrx_word' id='word_1_215' title='bbox 725 3633 756 3688; x_wconf 89' lang='lat' dir='ltr'>et</span> <span class='ocrx_word' id='word_1_216' title='bbox 777 3623 914 3686; x_wconf 77' lang='lat' dir='ltr'>fortassis</span> <span class='ocrx_word' id='word_1_217' title='bbox 936 3635 1070 3688; x_wconf 87' lang='lat' dir='ltr'>emerent</span> 
     </span>
     <span class='ocr_line' id='line_1_32' title="bbox 191 3721 1048 3815; baseline 0.005 -21"><span class='ocrx_word' id='word_1_218' title='bbox 191 3733 276 3796; x_wconf 87' lang='lat' dir='ltr'>Nunc</span> <span class='ocrx_word' id='word_1_219' title='bbox 299 3753 417 3815; x_wconf 89' lang='lat' dir='ltr'>quoque</span> <span class='ocrx_word' id='word_1_220' title='bbox 438 3734 607 3812; x_wconf 82' lang='lat' dir='ltr'>Vaidigravi</span> <span class='ocrx_word' id='word_1_221' title='bbox 628 3743 690 3798; x_wconf 86' lang='lat' dir='ltr'>tuta</span> <span class='ocrx_word' id='word_1_222' title='bbox 713 3735 774 3797; x_wconf 89' lang='lat' dir='ltr'>otia</span> <span class='ocrx_word' id='word_1_223' title='bbox 795 3721 1048 3798; x_wconf 79' lang='lat' dir='ltr'>Bououcuourss.</span> 
     </span>
     <span class='ocr_line' id='line_1_33' title="bbox 234 3843 1080 3923; baseline 0.005 -17"><span class='ocrx_word' id='word_1_224' title='bbox 234 3843 396 3923; x_wconf 75' lang='lat' dir='ltr'>congeries</span> <span class='ocrx_word' id='word_1_225' title='bbox 419 3846 543 3907; x_wconf 81' lang='lat' dir='ltr'>contusa</span> <span class='ocrx_word' id='word_1_226' title='bbox 565 3845 719 3907; x_wconf 87' lang='lat' dir='ltr'>hominum</span> <span class='ocrx_word' id='word_1_227' title='bbox 740 3844 798 3906; x_wconf 82' lang='lat' dir='ltr'>init</span> <span class='ocrx_word' id='word_1_228' title='bbox 817 3863 913 3923; x_wconf 88' lang='lat' dir='ltr'>usque</span> <span class='ocrx_word' id='word_1_229' title='bbox 934 3845 1080 3910; x_wconf 84' lang='lat' dir='ltr'>maiorum</span> 
     </span>
     <span class='ocr_line' id='line_1_34' title="bbox 190 3949 1108 4034; baseline 0.002 -20"><span class='ocrx_word' id='word_1_230' title='bbox 190 3953 290 4015; x_wconf 87' lang='lat' dir='ltr'>Prima</span> <span class='ocrx_word' id='word_1_231' title='bbox 311 3953 377 4015; x_wconf 92' lang='lat' dir='ltr'>urbi</span> <span class='ocrx_word' id='word_1_232' title='bbox 399 3955 491 4027; x_wconf 84' lang='lat' dir='ltr'>labes,</span> <span class='ocrx_word' id='word_1_233' title='bbox 514 3955 683 4034; x_wconf 78' lang='lat' dir='ltr'>patinarum</span> <span class='ocrx_word' id='word_1_234' title='bbox 705 3961 737 4016; x_wconf 91' lang='lat' dir='ltr'>ut</span> <span class='ocrx_word' id='word_1_235' title='bbox 758 3953 845 4034; x_wconf 87' lang='lat' dir='ltr'>copia</span> <span class='ocrx_word' id='word_1_236' title='bbox 868 3954 980 4018; x_wconf 88' lang='lat' dir='ltr'>nostrie</span> <span class='ocrx_word' id='word_1_237' title='bbox 1100 3949 1108 3968; x_wconf 94' lang='lat'><em>&#39;</em></span> 
     </span>
     <span class='ocr_line' id='line_1_35' title="bbox 141 4062 1021 4146; baseline 0.003 -22"><span class='ocrx_word' id='word_1_238' title='bbox 141 4062 173 4116; x_wconf 80' lang='lat'>65</span> <span class='ocrx_word' id='word_1_239' title='bbox 191 4062 390 4143; x_wconf 72' lang='lat' dir='ltr'>torpentes,</span> <span class='ocrx_word' id='word_1_240' title='bbox 413 4063 563 4145; x_wconf 88' lang='lat' dir='ltr'>citiusque</span> <span class='ocrx_word' id='word_1_241' title='bbox 585 4065 673 4138; x_wconf 81' lang='lat' dir='ltr'>cadit,</span> <span class='ocrx_word' id='word_1_242' title='bbox 698 4064 749 4146; x_wconf 90' lang='lat' dir='ltr'>qui</span> <span class='ocrx_word' id='word_1_243' title='bbox 771 4064 893 4127; x_wconf 88' lang='lat' dir='ltr'>luminis</span> <span class='ocrx_word' id='word_1_244' title='bbox 915 4083 1021 4145; x_wconf 83' lang='lat' dir='ltr'>expers</span> 
     </span>
     <span class='ocr_line' id='line_1_36' title="bbox 190 4173 1225 4257; baseline 0.004 -23"><span class='ocrx_word' id='word_1_245' title='bbox 190 4173 305 4234; x_wconf 87' lang='lat' dir='ltr'>Taurus</span> <span class='ocrx_word' id='word_1_246' title='bbox 329 4180 384 4248; x_wconf 81' lang='lat' dir='ltr'>eat,</span> <span class='ocrx_word' id='word_1_247' title='bbox 408 4193 497 4255; x_wconf 87' lang='lat' dir='ltr'>quam</span> <span class='ocrx_word' id='word_1_248' title='bbox 519 4193 621 4254; x_wconf 82' lang='lat' dir='ltr'>agnus,</span> <span class='ocrx_word' id='word_1_249' title='bbox 644 4174 758 4255; x_wconf 85' lang='lat' dir='ltr'>pariter</span> <span class='ocrx_word' id='word_1_250' title='bbox 778 4175 827 4238; x_wconf 85' lang='lat' dir='ltr'>cui</span> <span class='ocrx_word' id='word_1_251' title='bbox 848 4175 948 4238; x_wconf 88' lang='lat' dir='ltr'>lumen</span> <span class='ocrx_word' id='word_1_252' title='bbox 970 4176 1141 4257; x_wconf 86' lang='lat' dir='ltr'>ademptum</span> <span class='ocrx_word' id='word_1_253' title='bbox 1163 4186 1225 4252; x_wconf 85' lang='lat' dir='ltr'>est;</span> 
     </span>
     <span class='ocr_line' id='line_1_37' title="bbox 188 4282 1025 4366; baseline 0.006 -23"><span class='ocrx_word' id='word_1_254' title='bbox 188 4282 250 4344; x_wconf 90' lang='lat' dir='ltr'>Neo</span> <span class='ocrx_word' id='word_1_255' title='bbox 272 4301 341 4344; x_wconf 90' lang='lat' dir='ltr'>raro</span> <span class='ocrx_word' id='word_1_256' title='bbox 362 4283 458 4364; x_wconf 77' lang='lat' dir='ltr'>magis</span> <span class='ocrx_word' id='word_1_257' title='bbox 480 4305 515 4347; x_wconf 85' lang='lat' dir='ltr'>ec</span> <span class='ocrx_word' id='word_1_258' title='bbox 537 4286 654 4360; x_wconf 88' lang='lat' dir='ltr'>melius,</span> <span class='ocrx_word' id='word_1_259' title='bbox 677 4305 766 4366; x_wconf 88' lang='lat' dir='ltr'>quam</span> <span class='ocrx_word' id='word_1_260' title='bbox 788 4284 889 4365; x_wconf 89' lang='lat' dir='ltr'>quina,</span> <span class='ocrx_word' id='word_1_261' title='bbox 911 4283 1025 4348; x_wconf 82' lang='lat' dir='ltr'>secabit</span> 
     </span>
     <span class='ocr_line' id='line_1_38' title="bbox 191 4391 903 4474; baseline 0.003 -20"><span class='ocrx_word' id='word_1_262' title='bbox 191 4391 282 4455; x_wconf 87' lang='lat' dir='ltr'>Unica</span> <span class='ocrx_word' id='word_1_263' title='bbox 303 4393 349 4456; x_wconf 82' lang='lat' dir='ltr'>nis</span> <span class='ocrx_word' id='word_1_264' title='bbox 370 4393 471 4474; x_wconf 73' lang='lat' dir='ltr'>gladii.</span> <span class='ocrx_word' id='word_1_265' title='bbox 514 4397 546 4459; x_wconf 90' lang='lat' dir='ltr'>Si</span> <span class='ocrx_word' id='word_1_266' title='bbox 569 4407 667 4459; x_wconf 80' lang='lat' dir='ltr'>tectim</span> <span class='ocrx_word' id='word_1_267' title='bbox 690 4395 748 4456; x_wconf 80' lang='lat' dir='ltr'>tata</span> <span class='ocrx_word' id='word_1_268' title='bbox 769 4391 903 4456; x_wconf 80' lang='lat' dir='ltr'>revolves</span> 
     </span>
    </p>
   </div>
   <div class='ocr_carea' id='block_1_7' title="bbox 0 0 1576 5164">
    <p class='ocr_par' dir='ltr' id='par_1_7' title="bbox 0 0 1576 5164">
     <span class='ocr_line' id='line_1_39' title="bbox 0 0 1576 5164; baseline 0 1"><span class='ocrx_word' id='word_1_269' title='bbox 0 0 1576 5164; x_wconf 95' lang='lat' dir='ltr'> </span> 
     </span>
    </p>
   </div>
  </div>
 </body>
</html>
