3142 5166
304 389 364 452 lot
739 391 919 443 ruuctrotur
938 391 997 442 vttr.

369 609 508 672 Frontem
531 609 687 690 suspirans
709 608 805 690 palma
828 609 886 672 sibi
908 609 1027 683 fulciam
1049 627 1126 672 unus

304 735 351 787 tos
369 719 422 780 Est
443 719 669 798 poenitorsocer
689 718 741 780 illo
762 718 848 793 mali,
872 737 931 798 quo
955 717 1046 780 Gallia
1068 725 1129 782 tota

370 829 492 903 Tabuit3
514 827 591 889 haud
614 826 686 890 latet
706 828 763 888 hos
784 829 864 891 uitiis
886 827 1041 908 deperdita
1062 830 1130 900 uu,

368 937 464 1019 Atque
486 937 556 1000 ltine
577 936 628 999 ille
650 935 751 1012 dolor,
774 955 834 1017 qno
856 937 900 1000 sio
922 937 1048 1016 agitmm
1070 945 1204 1020 uterque.

411 1046 464 1110 llle
486 1047 561 1108 adoo
584 1046 698 1125 ingenti
719 1047 899 1126 spectandus
921 1047 1064 1126 imagine,
1087 1048 1199 1130 quique

370 1157 508 1220 Concinit
527 1156 607 1217 huno
629 1156 715 1218 lusus
732 1155 832 1237 juxta,
856 1155 904 1218 cui
926 1172 1018 1218 ussus
1039 1155 1171 1220 abundat

305 1277 352 1329 tto
369 1265 534 1340 Masculus,
556 1265 713 1343 omnigena
735 1265 828 1326 lertm
847 1266 954 1328 uirtute
975 1265 1104 1328 mieaase

369 1375 571 1438 Praecinotus.
616 1374 703 1447 Quod
725 1374 751 1435 si
772 1383 843 1455 post
863 1374 946 1436 illum
968 1391 1059 1452 regna
1080 1375 1195 1455 potitus

369 1484 422 1548 llle
445 1485 536 1557 soret,
560 1483 612 1564 qui
634 1501 713 1563 pone
735 1483 821 1546 sedet
841 1502 930 1564 puer,
952 1484 1052 1546 omine
1074 1484 1171 1548 lausto
1289 1523 1295 1538 ι

369 1593 512 1656 Natorum
532 1593 564 1654 in
587 1599 672 1655 natos
695 1592 853 1654 transisset
873 1593 969 1674 petria
989 1594 1099 1668 virtum

370 1703 456 1777 Quod
479 1720 539 1764 non
563 1702 600 1766 do
620 1701 734 1790 reliqua
757 1702 914 1782 quisquam
937 1703 1016 1766 ausit
1036 1702 1137 1764 dicere
1158 1708 1258 1782 geute.

305 1821 352 1874 115
368 1813 477 1886 Jacoc,
500 1829 534 1875 ae
555 1811 668 1893 pariter
688 1811 849 1874 Fntnmoos
870 1831 961 1891 regua
983 1811 1155 1890 gubernant,

370 1921 482 1984 Neuter
502 1921 656 2002 praecipui
678 1921 838 2000 patrimoni
859 1921 991 1984 creditus
1012 1921 1130 1984 haeres.

370 2031 449 2094 Raro
470 2049 525 2112 per
545 2049 645 2093 ramos
666 2030 799 2111 probitas
821 2031 948 2094 humana
969 2031 1106 2110 resurgit,

371 2139 477 2203 Omnia
499 2140 588 2202 dante
610 2140 679 2214 illo,
704 2141 754 2221 qui
776 2139 842 2202 vult
859 2149 982 2220 accepta
1003 2141 1109 2202 reterri

371 2250 482 2313 Cuncta
504 2251 573 2313 sibi.
617 2251 701 2325 Quae
722 2250 812 2316 sorba
833 2249 949 2330 loquor,
972 2249 1146 2330 praecordia
1168 2257 1290 2329 tangent

306 2367 354 2422 120
369 2359 488 2422 Nasuro
515 2367 603 2440 atque
624 2360 745 2433 Penne,
768 2359 820 2440 qui
841 2368 960 2422 cantum
979 2379 1054 2421 roeo
1075 2357 1226 2433 munda,

370 2469 429 2530 Per
449 2488 525 2549 quos
543 2469 608 2550 jam
630 2469 711 2548 luget
731 2469 870 2532 Narbona
895 2477 985 2549 atque
1006 2469 1141 2550 Appulus
1162 2469 1270 2532 omnis.

371 2577 492 2640 Samiae
514 2578 613 2658 planta
637 2599 692 2641 suo
714 2586 797 2640 tanto
819 2579 1005 2642 minorasse
1027 2587 1155 2659 putatur,

371 2687 489 2762 Quanto
511 2688 579 2767 plns
600 2689 689 2750 etiam
712 2691 901 2750 tonsorum
922 2688 1047 2770 conjuge
1069 2689 1176 2752 laetam

370 2795 409 2858 Se
427 2795 536 2877 jactat,
559 2815 645 2877 quam
668 2814 735 2858 eum
756 2806 896 2860 consorte
917 2815 1022 2862 sorore
1043 2798 1186 2860 listram.

304 2913 353 2969 lat
411 2905 562 2986 adspicite
585 2906 740 2968 llssntcuu
763 2907 938 2985 molientem
960 2908 1096 2988 simplice
1116 2907 1184 2980 vita,

369 3014 531 3094 Anglorum
553 3033 662 3094 regem,
685 3024 798 3078 semota
820 3015 851 3078 in
872 3025 957 3097 parte
979 3019 1143 3080 sedentem.

369 3124 446 3188 lluic
466 3125 539 3188 rami
561 3125 660 3188 minus
687 3133 775 3206 atque
796 3125 895 3188 minus
916 3125 1020 3207 pejora
1041 3128 1180 3190 tulertmt.

367 3233 431 3296 llos
453 3235 530 3297 inter
551 3234 600 3315 qui
624 3255 657 3298 se
679 3235 807 3299 iulorius
827 3236 1007 3316 prosternit,
1027 3236 1060 3297 in
1083 3235 1173 3300 altum

368 3343 558 3424 Suspiciens,
581 3345 684 3407 habuit
703 3363 814 3408 nomen
836 3343 1033 3418 (intersiinus,
1057 3355 1087 3408 et
1107 3347 1173 3426 ipse
1194 3355 1242 3410 est

304 3459 353 3515 tto
367 3453 508 3517 llarclnio.
551 3453 726 3517 Alexandria
748 3463 835 3535 atque
858 3455 948 3537 hujus
968 3454 1046 3518 bella
1068 3455 1242 3536 peripsum

366 3563 497 3626 llontern
518 3564 672 3626 Ferratum
694 3571 724 3626 et
745 3564 927 3645 Canohejum
947 3565 1076 3628 luctibus
1098 3566 1252 3646 implent,

855 3826 941 3910 llll·

407 4001 472 4064 tam
495 4019 589 4082 prope
610 4010 729 4082 tempus
751 4011 827 4078 erat,
850 4003 930 4084 quod
953 4011 1075 4068 aventes
1095 4006 1139 4068 ire
1160 4023 1215 4086 per
1236 4005 1330 4070 altum

365 4109 502 4172 lmmutat
523 4111 676 4192 mollitque
697 4113 813 4176 animos
834 4131 924 4196 saepe
945 4115 1019 4178 hora
1042 4133 1210 4189 recursans,

365 4219 466 4282 Dulcis
488 4221 650 4284 amicorum
673 4239 740 4284 cnm
758 4223 843 4304 jussa
864 4233 910 4286 est
931 4225 1016 4288 uerba
1038 4224 1147 4300 ruere,

367 4329 597 4412 Exstimulatque
620 4331 688 4395 noui
710 4333 859 4413 peregrini
880 4343 986 4416 pectus
1007 4353 1120 4410 annom,
