<?xml version="1.0" encoding="UTF-8"?>
<!DOCTYPE html PUBLIC "-//W3C//DTD XHTML 1.0 Transitional//EN"
    "http://www.w3.org/TR/xhtml1/DTD/xhtml1-transitional.dtd">
<html xmlns="http://www.w3.org/1999/xhtml" xml:lang="en" lang="en">
 <head>
  <title>
</title>
<meta http-equiv="Content-Type" content="text/html;charset=utf-8" />
  <meta name='ocr-system' content='tesseract 3.04.00' />
  <meta name='ocr-capabilities' content='ocr_page ocr_carea ocr_par ocr_line ocrx_word'/>
</head>
<body>
  <div class='ocr_page' id='page_1' title='image "./divinacomoedia00piazgoog_0294.png"; bbox 0 0 3142 5166; ppageno 0'>
   <div class='ocr_carea' id='block_1_1' title="bbox 583 411 830 466">
    <p class='ocr_par' dir='ltr' id='par_1_1' title="bbox 583 411 830 466">
     <span class='ocr_line' id='line_1_1' title="bbox 583 411 830 466; baseline 0.012 -3"><span class='ocrx_word' id='word_1_1' title='bbox 583 411 767 465; x_wconf 78' lang='lat' dir='ltr'>ruttutrurrt</span> <span class='ocrx_word' id='word_1_2' title='bbox 783 413 830 466; x_wconf 70' lang='lat' dir='ltr'>ss.</span> 
     </span>
    </p>
   </div>
   <div class='ocr_carea' id='block_1_2' title="bbox 139 626 1251 4442">
    <p class='ocr_par' dir='ltr' id='par_1_2' title="bbox 155 626 1013 932">
     <span class='ocr_line' id='line_1_2' title="bbox 155 626 989 714; baseline 0.002 -17"><span class='ocrx_word' id='word_1_3' title='bbox 155 641 188 697; x_wconf 77' lang='lat' dir='ltr'>tt</span> <span class='ocrx_word' id='word_1_4' title='bbox 205 627 330 692; x_wconf 76' lang='lat' dir='ltr'>Divitias</span> <span class='ocrx_word' id='word_1_5' title='bbox 351 628 470 692; x_wconf 78' lang='lat' dir='ltr'>inuitae.</span> <span class='ocrx_word' id='word_1_6' title='bbox 491 659 533 676; x_wconf 85' lang='lat'>-</span> <span class='ocrx_word' id='word_1_7' title='bbox 555 627 607 690; x_wconf 79' lang='lat' dir='ltr'>Sie</span> <span class='ocrx_word' id='word_1_8' title='bbox 627 626 668 691; x_wconf 88' lang='lat' dir='ltr'>mi</span> <span class='ocrx_word' id='word_1_9' title='bbox 689 629 830 710; x_wconf 76' lang='lat' dir='ltr'>piamere</span> <span class='ocrx_word' id='word_1_10' title='bbox 852 633 989 714; x_wconf 78' lang='lat' dir='ltr'>loquetae</span> 
     </span>
     <span class='ocr_line' id='line_1_3' title="bbox 203 738 1013 820; baseline 0.006 -18"><span class='ocrx_word' id='word_1_11' title='bbox 203 739 291 814; x_wconf 87' lang='lat' dir='ltr'>latae,</span> <span class='ocrx_word' id='word_1_12' title='bbox 313 749 349 802; x_wconf 90' lang='lat' dir='ltr'>ut</span> <span class='ocrx_word' id='word_1_13' title='bbox 367 738 567 820; x_wconf 71' lang='lat' dir='ltr'>progrederer</span> <span class='ocrx_word' id='word_1_14' title='bbox 586 753 688 818; x_wconf 78' lang='lat' dir='ltr'>paean,</span> <span class='ocrx_word' id='word_1_15' title='bbox 709 757 749 802; x_wconf 91' lang='lat' dir='ltr'>ne</span> <span class='ocrx_word' id='word_1_16' title='bbox 770 743 892 806; x_wconf 79' lang='lat' dir='ltr'>naseiua</span> <span class='ocrx_word' id='word_1_17' title='bbox 914 761 1013 807; x_wconf 75' lang='lat' dir='ltr'>esrem</span> 
     </span>
     <span class='ocr_line' id='line_1_4' title="bbox 203 847 948 932; baseline 0.007 -20"><span class='ocrx_word' id='word_1_18' title='bbox 203 849 298 923; x_wconf 79' lang='lat' dir='ltr'>iilius,</span> <span class='ocrx_word' id='word_1_19' title='bbox 321 848 403 911; x_wconf 83' lang='lat' dir='ltr'>unde</span> <span class='ocrx_word' id='word_1_20' title='bbox 423 863 532 910; x_wconf 78' lang='lat' dir='ltr'>sunum</span> <span class='ocrx_word' id='word_1_21' title='bbox 554 847 637 910; x_wconf 80' lang='lat' dir='ltr'>aneia</span> <span class='ocrx_word' id='word_1_22' title='bbox 658 849 777 913; x_wconf 84' lang='lat' dir='ltr'>veniaae</span> <span class='ocrx_word' id='word_1_23' title='bbox 798 851 948 932; x_wconf 82' lang='lat' dir='ltr'>putabam.</span> 
     </span>
    </p>

    <p class='ocr_par' dir='ltr' id='par_1_3' title="bbox 202 957 1015 1151">
     <span class='ocr_line' id='line_1_5' title="bbox 245 957 1015 1042; baseline 0.008 -21"><span class='ocrx_word' id='word_1_24' title='bbox 245 960 356 1021; x_wconf 75' lang='lat' dir='ltr'>Antea</span> <span class='ocrx_word' id='word_1_25' title='bbox 378 966 533 1038; x_wconf 85' lang='lat' dir='ltr'>praeterea</span> <span class='ocrx_word' id='word_1_26' title='bbox 555 957 731 1032; x_wconf 80' lang='lat' dir='ltr'>eaiehrubat,</span> <span class='ocrx_word' id='word_1_27' title='bbox 757 961 883 1024; x_wconf 83' lang='lat' dir='ltr'>tundere</span> <span class='ocrx_word' id='word_1_28' title='bbox 903 963 1015 1042; x_wconf 77' lang='lat' dir='ltr'>largam</span> 
     </span>
     <span class='ocr_line' id='line_1_6' title="bbox 202 1066 948 1151; baseline 0.008 -22"><span class='ocrx_word' id='word_1_29' title='bbox 202 1067 329 1131; x_wconf 81' lang='lat' dir='ltr'>Nreuunr</span> <span class='ocrx_word' id='word_1_30' title='bbox 350 1067 486 1130; x_wconf 80' lang='lat' dir='ltr'>dextram</span> <span class='ocrx_word' id='word_1_31' title='bbox 507 1066 620 1130; x_wconf 78' lang='lat' dir='ltr'>teneris</span> <span class='ocrx_word' id='word_1_32' title='bbox 643 1084 780 1134; x_wconf 74' lang='lat' dir='ltr'>rerumne</span> <span class='ocrx_word' id='word_1_33' title='bbox 799 1069 948 1151; x_wconf 81' lang='lat' dir='ltr'>puderent</span> 
     </span>
    </p>

    <p class='ocr_par' dir='ltr' id='par_1_4' title="bbox 153 1176 975 1255">
     <span class='ocr_line' id='line_1_7' title="bbox 153 1176 975 1255; baseline 0.002 -13"><span class='ocrx_word' id='word_1_34' title='bbox 153 1191 186 1244; x_wconf 81' lang='lat' dir='ltr'>ru</span> <span class='ocrx_word' id='word_1_35' title='bbox 201 1176 379 1255; x_wconf 61' lang='lat' dir='ltr'>Virginibus,</span> <span class='ocrx_word' id='word_1_36' title='bbox 401 1176 493 1239; x_wconf 82' lang='lat' dir='ltr'>vitam</span> <span class='ocrx_word' id='word_1_37' title='bbox 514 1176 668 1239; x_wconf 74' lang='lat' dir='ltr'>tundentis</span> <span class='ocrx_word' id='word_1_38' title='bbox 688 1178 786 1240; x_wconf 75' lang='lat' dir='ltr'>vivere</span> <span class='ocrx_word' id='word_1_39' title='bbox 808 1179 975 1244; x_wconf 74' lang='lat' dir='ltr'>noueram.</span> 
     </span>
    </p>

    <p class='ocr_par' dir='ltr' id='par_1_5' title="bbox 198 1285 1095 1698">
     <span class='ocr_line' id='line_1_8' title="bbox 245 1285 1095 1376; baseline 0.005 -26"><span class='ocrx_word' id='word_1_40' title='bbox 245 1287 270 1350; x_wconf 88' lang='lat'>0</span> <span class='ocrx_word' id='word_1_41' title='bbox 293 1305 369 1367; x_wconf 83' lang='lat' dir='ltr'>quae</span> <span class='ocrx_word' id='word_1_42' title='bbox 391 1293 450 1348; x_wconf 86' lang='lat' dir='ltr'>tam</span> <span class='ocrx_word' id='word_1_43' title='bbox 472 1285 607 1367; x_wconf 84' lang='lat' dir='ltr'>puluhria</span> <span class='ocrx_word' id='word_1_44' title='bbox 629 1287 819 1351; x_wconf 71' lang='lat' dir='ltr'>eemumbua</span> <span class='ocrx_word' id='word_1_45' title='bbox 840 1291 943 1364; x_wconf 80' lang='lat' dir='ltr'>arteria,</span> <span class='ocrx_word' id='word_1_46' title='bbox 965 1293 1095 1376; x_wconf 79' lang='lat' dir='ltr'>inquam,</span> 
     </span>
     <span class='ocr_line' id='line_1_9' title="bbox 201 1395 1024 1476; baseline 0.004 -17"><span class='ocrx_word' id='word_1_47' title='bbox 201 1397 257 1460; x_wconf 79' lang='lat' dir='ltr'>itia</span> <span class='ocrx_word' id='word_1_48' title='bbox 277 1397 362 1469; x_wconf 82' lang='lat' dir='ltr'>mihi,</span> <span class='ocrx_word' id='word_1_49' title='bbox 386 1413 461 1476; x_wconf 89' lang='lat' dir='ltr'>quae</span> <span class='ocrx_word' id='word_1_50' title='bbox 484 1395 588 1469; x_wconf 81' lang='lat' dir='ltr'>tueris,</span> <span class='ocrx_word' id='word_1_51' title='bbox 609 1395 668 1468; x_wconf 67' lang='lat' dir='ltr'>dir,</span> <span class='ocrx_word' id='word_1_52' title='bbox 693 1413 748 1459; x_wconf 83' lang='lat' dir='ltr'>eur</span> <span class='ocrx_word' id='word_1_53' title='bbox 768 1405 801 1460; x_wconf 87' lang='lat' dir='ltr'>tu</span> <span class='ocrx_word' id='word_1_54' title='bbox 822 1398 887 1461; x_wconf 86' lang='lat' dir='ltr'>aula</span> <span class='ocrx_word' id='word_1_55' title='bbox 907 1406 1024 1463; x_wconf 75' lang='lat' dir='ltr'>retexas</span> 
     </span>
     <span class='ocr_line' id='line_1_10' title="bbox 199 1505 1078 1586; baseline 0.005 -18"><span class='ocrx_word' id='word_1_56' title='bbox 199 1505 275 1570; x_wconf 80' lang='lat' dir='ltr'>Tam</span> <span class='ocrx_word' id='word_1_57' title='bbox 296 1505 401 1586; x_wconf 74' lang='lat' dir='ltr'>dignas</span> <span class='ocrx_word' id='word_1_58' title='bbox 422 1505 543 1580; x_wconf 66' lang='lat' dir='ltr'>laudam</span> <span class='ocrx_word' id='word_1_59' title='bbox 566 1523 665 1586; x_wconf 77' lang='lat' dir='ltr'>neque</span> <span class='ocrx_word' id='word_1_60' title='bbox 686 1507 768 1568; x_wconf 87' lang='lat' dir='ltr'>enim</span> <span class='ocrx_word' id='word_1_61' title='bbox 788 1507 920 1571; x_wconf 76' lang='lat' dir='ltr'>fraudata</span> <span class='ocrx_word' id='word_1_62' title='bbox 941 1509 1078 1574; x_wconf 78' lang='lat' dir='ltr'>manebis</span> 
     </span>
     <span class='ocr_line' id='line_1_11' title="bbox 198 1614 1005 1698; baseline 0.002 -18"><span class='ocrx_word' id='word_1_63' title='bbox 198 1615 344 1690; x_wconf 65' lang='lat' dir='ltr'>tiereeda„</span> <span class='ocrx_word' id='word_1_64' title='bbox 365 1616 439 1678; x_wconf 88' lang='lat' dir='ltr'>haee</span> <span class='ocrx_word' id='word_1_65' title='bbox 461 1614 562 1689; x_wconf 84' lang='lat' dir='ltr'>tando,</span> <span class='ocrx_word' id='word_1_66' title='bbox 585 1615 689 1678; x_wconf 76' lang='lat' dir='ltr'>reduci</span> <span class='ocrx_word' id='word_1_67' title='bbox 711 1615 738 1678; x_wconf 85' lang='lat' dir='ltr'>ai</span> <span class='ocrx_word' id='word_1_68' title='bbox 759 1618 880 1698; x_wconf 82' lang='lat' dir='ltr'>explere</span> <span class='ocrx_word' id='word_1_69' title='bbox 900 1619 1005 1682; x_wconf 79' lang='lat' dir='ltr'>tinebit</span> 
     </span>
    </p>

    <p class='ocr_par' dir='ltr' id='par_1_6' title="bbox 149 1722 1251 2135">
     <span class='ocr_line' id='line_1_12' title="bbox 149 1722 1251 1806; baseline 0.005 -18"><span class='ocrx_word' id='word_1_70' title='bbox 149 1741 182 1796; x_wconf 72' lang='lat' dir='ltr'>au</span> <span class='ocrx_word' id='word_1_71' title='bbox 197 1723 294 1806; x_wconf 84' lang='lat' dir='ltr'>flnjua</span> <span class='ocrx_word' id='word_1_72' title='bbox 315 1724 357 1786; x_wconf 89' lang='lat' dir='ltr'>mi</span> <span class='ocrx_word' id='word_1_73' title='bbox 379 1724 470 1787; x_wconf 84' lang='lat' dir='ltr'>breve</span> <span class='ocrx_word' id='word_1_74' title='bbox 491 1725 548 1786; x_wconf 88' lang='lat' dir='ltr'>iter</span> <span class='ocrx_word' id='word_1_75' title='bbox 567 1722 658 1797; x_wconf 82' lang='lat' dir='ltr'>ritae,</span> <span class='ocrx_word' id='word_1_76' title='bbox 679 1743 757 1806; x_wconf 81' lang='lat' dir='ltr'>quae</span> <span class='ocrx_word' id='word_1_77' title='bbox 778 1727 817 1789; x_wconf 83' lang='lat' dir='ltr'>ari</span> <span class='ocrx_word' id='word_1_78' title='bbox 839 1729 953 1790; x_wconf 78' lang='lat' dir='ltr'>tenena</span> <span class='ocrx_word' id='word_1_79' title='bbox 974 1730 1077 1792; x_wconf 80' lang='lat' dir='ltr'>haram</span> <span class='ocrx_word' id='word_1_80' title='bbox 1248 1787 1251 1794; x_wconf 85' lang='lat'><em>.</em></span> 
     </span>
     <span class='ocr_line' id='line_1_13' title="bbox 196 1833 1186 1915; baseline 0.006 -16"><span class='ocrx_word' id='word_1_81' title='bbox 196 1835 402 1915; x_wconf 67' lang='lat' dir='ltr'>Praecipitem</span> <span class='ocrx_word' id='word_1_82' title='bbox 423 1833 501 1896; x_wconf 82' lang='lat' dir='ltr'>volat</span> <span class='ocrx_word' id='word_1_83' title='bbox 522 1841 693 1898; x_wconf 70' lang='lat' dir='ltr'>extremam.</span> <span class='ocrx_word' id='word_1_84' title='bbox 716 1864 760 1884; x_wconf 87' lang='lat'>-··</span> <span class='ocrx_word' id='word_1_85' title='bbox 780 1836 862 1900; x_wconf 80' lang='lat' dir='ltr'>iiaee</span> <span class='ocrx_word' id='word_1_86' title='bbox 881 1835 956 1900; x_wconf 83' lang='lat' dir='ltr'>mitri</span> <span class='ocrx_word' id='word_1_87' title='bbox 977 1839 1047 1902; x_wconf 88' lang='lat' dir='ltr'>taiia</span> <span class='ocrx_word' id='word_1_88' title='bbox 1070 1847 1186 1904; x_wconf 76' lang='lat' dir='ltr'>matra:</span> 
     </span>
     <span class='ocr_line' id='line_1_14' title="bbox 196 1943 1064 2026; baseline 0.002 -18"><span class='ocrx_word' id='word_1_89' title='bbox 196 1945 263 2008; x_wconf 83' lang='lat' dir='ltr'>Neu</span> <span class='ocrx_word' id='word_1_90' title='bbox 287 1944 367 2026; x_wconf 88' lang='lat' dir='ltr'>quud</span> <span class='ocrx_word' id='word_1_91' title='bbox 390 1962 445 2025; x_wconf 79' lang='lat' dir='ltr'>ego</span> <span class='ocrx_word' id='word_1_92' title='bbox 468 1943 630 2026; x_wconf 86' lang='lat' dir='ltr'>quidquam</span> <span class='ocrx_word' id='word_1_93' title='bbox 651 1962 787 2008; x_wconf 84' lang='lat' dir='ltr'>maneam</span> <span class='ocrx_word' id='word_1_94' title='bbox 808 1945 965 2009; x_wconf 82' lang='lat' dir='ltr'>aeiamiaia</span> <span class='ocrx_word' id='word_1_95' title='bbox 984 1948 1064 2020; x_wconf 77' lang='lat' dir='ltr'>inde,</span> 
     </span>
     <span class='ocr_line' id='line_1_15' title="bbox 196 2053 944 2135; baseline 0.001 -17"><span class='ocrx_word' id='word_1_96' title='bbox 196 2055 309 2130; x_wconf 77' lang='lat' dir='ltr'>Dicam,</span> <span class='ocrx_word' id='word_1_97' title='bbox 332 2062 361 2117; x_wconf 89' lang='lat' dir='ltr'>at</span> <span class='ocrx_word' id='word_1_98' title='bbox 382 2054 464 2135; x_wconf 81' lang='lat' dir='ltr'>quud</span> <span class='ocrx_word' id='word_1_99' title='bbox 476 2061 568 2116; x_wconf 83' lang='lat' dir='ltr'>&#39;tanta</span> <span class='ocrx_word' id='word_1_100' title='bbox 586 2053 680 2118; x_wconf 80' lang='lat' dir='ltr'>dunat</span> <span class='ocrx_word' id='word_1_101' title='bbox 701 2065 732 2117; x_wconf 91' lang='lat' dir='ltr'>ta</span> <span class='ocrx_word' id='word_1_102' title='bbox 751 2056 844 2135; x_wconf 72' lang='lat' dir='ltr'>gratia</span> <span class='ocrx_word' id='word_1_103' title='bbox 865 2056 944 2130; x_wconf 81' lang='lat' dir='ltr'>tune,</span> 
     </span>
    </p>

    <p class='ocr_par' dir='ltr' id='par_1_7' title="bbox 144 2163 1048 2356">
     <span class='ocr_line' id='line_1_16' title="bbox 195 2163 1048 2244; baseline 0 -15"><span class='ocrx_word' id='word_1_104' title='bbox 195 2166 271 2229; x_wconf 77' lang='lat' dir='ltr'>Ante</span> <span class='ocrx_word' id='word_1_105' title='bbox 294 2172 424 2228; x_wconf 81' lang='lat' dir='ltr'>extrema</span> <span class='ocrx_word' id='word_1_106' title='bbox 446 2163 499 2226; x_wconf 71' lang='lat' dir='ltr'>tini</span> <span class='ocrx_word' id='word_1_107' title='bbox 522 2181 612 2244; x_wconf 80' lang='lat' dir='ltr'>qnam</span> <span class='ocrx_word' id='word_1_108' title='bbox 632 2165 724 2228; x_wconf 77' lang='lat' dir='ltr'>ritum</span> <span class='ocrx_word' id='word_1_109' title='bbox 743 2165 935 2229; x_wconf 76' lang='lat' dir='ltr'>abaeindarat</span> <span class='ocrx_word' id='word_1_110' title='bbox 954 2177 1048 2230; x_wconf 84' lang='lat' dir='ltr'>aetra.</span> 
     </span>
     <span class='ocr_line' id='line_1_17' title="bbox 144 2273 949 2356; baseline 0.001 -19"><span class='ocrx_word' id='word_1_111' title='bbox 144 2289 179 2344; x_wconf 76' lang='lat' dir='ltr'>tn</span> <span class='ocrx_word' id='word_1_112' title='bbox 238 2275 366 2338; x_wconf 74' lang='lat' dir='ltr'>nauiees</span> <span class='ocrx_word' id='word_1_113' title='bbox 388 2273 465 2336; x_wconf 84' lang='lat' dir='ltr'>male</span> <span class='ocrx_word' id='word_1_114' title='bbox 487 2280 554 2335; x_wconf 83' lang='lat' dir='ltr'>nata</span> <span class='ocrx_word' id='word_1_115' title='bbox 575 2293 644 2336; x_wconf 86' lang='lat' dir='ltr'>meu</span> <span class='ocrx_word' id='word_1_116' title='bbox 665 2275 706 2336; x_wconf 84' lang='lat' dir='ltr'>de</span> <span class='ocrx_word' id='word_1_117' title='bbox 725 2275 826 2355; x_wconf 78' lang='lat' dir='ltr'>stipite</span> <span class='ocrx_word' id='word_1_118' title='bbox 848 2276 949 2356; x_wconf 79' lang='lat' dir='ltr'>planta</span> 
     </span>
    </p>

    <p class='ocr_par' dir='ltr' id='par_1_8' title="bbox 195 2382 1009 2464">
     <span class='ocr_line' id='line_1_18' title="bbox 195 2382 1009 2464; baseline 0.001 -17"><span class='ocrx_word' id='word_1_119' title='bbox 195 2384 308 2460; x_wconf 81' lang='lat' dir='ltr'>Traxit,</span> <span class='ocrx_word' id='word_1_120' title='bbox 331 2382 531 2446; x_wconf 75' lang='lat' dir='ltr'>christiadum</span> <span class='ocrx_word' id='word_1_121' title='bbox 553 2401 632 2464; x_wconf 82' lang='lat' dir='ltr'>quaa</span> <span class='ocrx_word' id='word_1_122' title='bbox 650 2384 769 2446; x_wconf 73' lang='lat' dir='ltr'>manua</span> <span class='ocrx_word' id='word_1_123' title='bbox 789 2385 887 2448; x_wconf 84' lang='lat' dir='ltr'>eiiiuit</span> <span class='ocrx_word' id='word_1_124' title='bbox 906 2383 1009 2448; x_wconf 76' lang='lat' dir='ltr'>umbra</span> 
     </span>
    </p>

    <p class='ocr_par' dir='ltr' id='par_1_9' title="bbox 194 2492 951 2574">
     <span class='ocr_line' id='line_1_19' title="bbox 194 2492 951 2574; baseline -0.003 -16"><span class='ocrx_word' id='word_1_125' title='bbox 194 2493 307 2566; x_wconf 75' lang='lat' dir='ltr'>Ten-ia,</span> <span class='ocrx_word' id='word_1_126' title='bbox 329 2500 362 2556; x_wconf 94' lang='lat' dir='ltr'>ut</span> <span class='ocrx_word' id='word_1_127' title='bbox 382 2509 452 2556; x_wconf 85' lang='lat' dir='ltr'>rare</span> <span class='ocrx_word' id='word_1_128' title='bbox 473 2492 585 2556; x_wconf 85' lang='lat' dir='ltr'>laetum</span> <span class='ocrx_word' id='word_1_129' title='bbox 606 2493 646 2555; x_wconf 86' lang='lat' dir='ltr'>ait</span> <span class='ocrx_word' id='word_1_130' title='bbox 667 2510 792 2574; x_wconf 87' lang='lat' dir='ltr'>earpere</span> <span class='ocrx_word' id='word_1_131' title='bbox 812 2495 951 2558; x_wconf 85' lang='lat' dir='ltr'>iruetum.</span> 
     </span>
    </p>

    <p class='ocr_par' dir='ltr' id='par_1_10' title="bbox 192 2603 1018 2685">
     <span class='ocr_line' id='line_1_20' title="bbox 192 2603 1018 2685; baseline -0.001 -17"><span class='ocrx_word' id='word_1_132' title='bbox 192 2607 231 2668; x_wconf 81' lang='lat' dir='ltr'>tt</span> <span class='ocrx_word' id='word_1_133' title='bbox 252 2605 278 2668; x_wconf 85' lang='lat' dir='ltr'>si</span> <span class='ocrx_word' id='word_1_134' title='bbox 301 2603 372 2685; x_wconf 88' lang='lat' dir='ltr'>quid</span> <span class='ocrx_word' id='word_1_135' title='bbox 395 2603 480 2666; x_wconf 82' lang='lat' dir='ltr'>Liiua</span> <span class='ocrx_word' id='word_1_136' title='bbox 499 2603 674 2682; x_wconf 73' lang='lat' dir='ltr'>Brugaequu</span> <span class='ocrx_word' id='word_1_137' title='bbox 697 2621 734 2664; x_wconf 86' lang='lat' dir='ltr'>au</span> <span class='ocrx_word' id='word_1_138' title='bbox 754 2612 870 2666; x_wconf 80' lang='lat' dir='ltr'>enatura</span> <span class='ocrx_word' id='word_1_139' title='bbox 892 2613 1018 2685; x_wconf 82' lang='lat' dir='ltr'>poseant</span> 
     </span>
    </p>

    <p class='ocr_par' dir='ltr' id='par_1_11' title="bbox 141 2711 1028 2905">
     <span class='ocr_line' id='line_1_21' title="bbox 194 2711 1003 2796; baseline -0.002 -18"><span class='ocrx_word' id='word_1_140' title='bbox 194 2713 313 2796; x_wconf 84' lang='lat' dir='ltr'>Oppida</span> <span class='ocrx_word' id='word_1_141' title='bbox 335 2719 422 2794; x_wconf 81' lang='lat' dir='ltr'>eapte</span> <span class='ocrx_word' id='word_1_142' title='bbox 443 2711 669 2786; x_wconf 72' lang='lat' dir='ltr'>manutertii,</span> <span class='ocrx_word' id='word_1_143' title='bbox 689 2731 760 2776; x_wconf 79' lang='lat' dir='ltr'>mor</span> <span class='ocrx_word' id='word_1_144' title='bbox 779 2715 886 2776; x_wconf 79' lang='lat' dir='ltr'>atterat</span> <span class='ocrx_word' id='word_1_145' title='bbox 905 2713 1003 2789; x_wconf 71' lang='lat' dir='ltr'>utinm</span> 
     </span>
     <span class='ocr_line' id='line_1_22' title="bbox 141 2822 1028 2905; baseline -0.001 -19"><span class='ocrx_word' id='word_1_146' title='bbox 141 2837 175 2892; x_wconf 71' lang='lat' dir='ltr'>er</span> <span class='ocrx_word' id='word_1_147' title='bbox 193 2823 282 2898; x_wconf 81' lang='lat' dir='ltr'>Quod</span> <span class='ocrx_word' id='word_1_148' title='bbox 304 2839 406 2902; x_wconf 72' lang='lat' dir='ltr'>regem</span> <span class='ocrx_word' id='word_1_149' title='bbox 426 2838 531 2902; x_wconf 81' lang='lat' dir='ltr'>poene,</span> <span class='ocrx_word' id='word_1_150' title='bbox 554 2822 606 2902; x_wconf 87' lang='lat' dir='ltr'>qui</span> <span class='ocrx_word' id='word_1_151' title='bbox 627 2829 751 2886; x_wconf 78' lang='lat' dir='ltr'>cunetae</span> <span class='ocrx_word' id='word_1_152' title='bbox 770 2823 887 2905; x_wconf 80' lang='lat' dir='ltr'>judiuat</span> <span class='ocrx_word' id='word_1_153' title='bbox 905 2841 1028 2903; x_wconf 85' lang='lat' dir='ltr'>aequua.</span> 
     </span>
    </p>

    <p class='ocr_par' dir='ltr' id='par_1_12' title="bbox 191 2931 994 3013">
     <span class='ocr_line' id='line_1_23' title="bbox 191 2931 994 3013; baseline -0.002 -16"><span class='ocrx_word' id='word_1_154' title='bbox 191 2934 309 2997; x_wconf 80' lang='lat' dir='ltr'><strong>Nomen</strong></span> <span class='ocrx_word' id='word_1_155' title='bbox 330 2932 411 3013; x_wconf 82' lang='lat' dir='ltr'>apud</span> <span class='ocrx_word' id='word_1_156' title='bbox 431 2937 548 2994; x_wconf 81' lang='lat' dir='ltr'>vestroe</span> <span class='ocrx_word' id='word_1_157' title='bbox 570 2931 655 2994; x_wconf 75' lang='lat' dir='ltr'>Hune</span> <span class='ocrx_word' id='word_1_158' title='bbox 677 2933 810 2996; x_wconf 79' lang='lat' dir='ltr'>Garurna</span> <span class='ocrx_word' id='word_1_159' title='bbox 832 2933 994 3008; x_wconf 71' lang='lat' dir='ltr'>habebam</span> 
     </span>
    </p>

    <p class='ocr_par' dir='ltr' id='par_1_13' title="bbox 190 3041 926 3122">
     <span class='ocr_line' id='line_1_24' title="bbox 190 3041 926 3122; baseline -0.001 -17"><span class='ocrx_word' id='word_1_160' title='bbox 190 3043 235 3106; x_wconf 84' lang='lat' dir='ltr'>Ex</span> <span class='ocrx_word' id='word_1_161' title='bbox 256 3061 306 3104; x_wconf 90' lang='lat' dir='ltr'>me</span> <span class='ocrx_word' id='word_1_162' title='bbox 327 3041 487 3115; x_wconf 77' lang='lat' dir='ltr'>euntem,</span> <span class='ocrx_word' id='word_1_163' title='bbox 509 3041 560 3122; x_wconf 80' lang='lat' dir='ltr'>qui</span> <span class='ocrx_word' id='word_1_164' title='bbox 581 3057 752 3119; x_wconf 77' lang='lat' dir='ltr'>regnavere,</span> <span class='ocrx_word' id='word_1_165' title='bbox 774 3043 926 3114; x_wconf 77' lang='lat' dir='ltr'>Paruum.</span> 
     </span>
    </p>

    <p class='ocr_par' dir='ltr' id='par_1_14' title="bbox 191 3150 942 3233">
     <span class='ocr_line' id='line_1_25' title="bbox 191 3150 942 3233; baseline -0.003 -17"><span class='ocrx_word' id='word_1_166' title='bbox 191 3153 231 3216; x_wconf 82' lang='lat' dir='ltr'>Et</span> <span class='ocrx_word' id='word_1_167' title='bbox 251 3153 303 3233; x_wconf 84' lang='lat' dir='ltr'>qui</span> <span class='ocrx_word' id='word_1_168' title='bbox 325 3169 422 3231; x_wconf 86' lang='lat' dir='ltr'>nuper</span> <span class='ocrx_word' id='word_1_169' title='bbox 441 3150 564 3213; x_wconf 73' lang='lat' dir='ltr'>Areten</span> <span class='ocrx_word' id='word_1_170' title='bbox 586 3151 642 3214; x_wconf 86' lang='lat' dir='ltr'>auh</span> <span class='ocrx_word' id='word_1_171' title='bbox 663 3152 788 3215; x_wconf 86' lang='lat' dir='ltr'>nemine</span> <span class='ocrx_word' id='word_1_172' title='bbox 807 3160 942 3230; x_wconf 73' lang='lat' dir='ltr'>regnunt.</span> 
     </span>
    </p>

    <p class='ocr_par' dir='ltr' id='par_1_15' title="bbox 191 3259 885 3345">
     <span class='ocr_line' id='line_1_26' title="bbox 191 3259 885 3345; baseline -0.003 -20"><span class='ocrx_word' id='word_1_173' title='bbox 191 3263 262 3345; x_wconf 81' lang='lat' dir='ltr'>lpse</span> <span class='ocrx_word' id='word_1_174' title='bbox 283 3261 436 3324; x_wconf 84' lang='lat' dir='ltr'>Parieiaeo</span> <span class='ocrx_word' id='word_1_175' title='bbox 458 3259 537 3322; x_wconf 84' lang='lat' dir='ltr'>tanin</span> <span class='ocrx_word' id='word_1_176' title='bbox 557 3267 724 3341; x_wconf 71' lang='lat' dir='ltr'>prognatus</span> <span class='ocrx_word' id='word_1_177' title='bbox 743 3262 775 3325; x_wconf 92' lang='lat' dir='ltr'>in</span> <span class='ocrx_word' id='word_1_178' title='bbox 798 3279 885 3326; x_wconf 79' lang='lat' dir='ltr'>auran</span> 
     </span>
    </p>

    <p class='ocr_par' dir='ltr' id='par_1_16' title="bbox 141 3370 1037 3894">
     <span class='ocr_line' id='line_1_27' title="bbox 141 3370 920 3452; baseline -0.003 -16"><span class='ocrx_word' id='word_1_179' title='bbox 141 3387 175 3443; x_wconf 77' lang='grc' dir='ltr'><em>ω</em></span> <span class='ocrx_word' id='word_1_180' title='bbox 191 3371 329 3436; x_wconf 86' lang='lat' dir='ltr'>Luminia</span> <span class='ocrx_word' id='word_1_181' title='bbox 350 3370 437 3444; x_wconf 84' lang='lat' dir='ltr'>eriri,</span> <span class='ocrx_word' id='word_1_182' title='bbox 459 3371 572 3451; x_wconf 77' lang='lat' dir='ltr'>antiqui</span> <span class='ocrx_word' id='word_1_183' title='bbox 593 3388 653 3452; x_wconf 84' lang='lat' dir='ltr'>que</span> <span class='ocrx_word' id='word_1_184' title='bbox 676 3379 813 3452; x_wconf 88' lang='lat' dir='ltr'>tempere</span> <span class='ocrx_word' id='word_1_185' title='bbox 830 3387 920 3449; x_wconf 70' lang='lat' dir='ltr'>regua</span> 
     </span>
     <span class='ocr_line' id='line_1_28' title="bbox 190 3481 925 3562; baseline -0.001 -17"><span class='ocrx_word' id='word_1_186' title='bbox 190 3483 347 3546; x_wconf 80' lang='lat' dir='ltr'>Deflurere</span> <span class='ocrx_word' id='word_1_187' title='bbox 368 3497 485 3554; x_wconf 75' lang='lat' dir='ltr'>omnes,</span> <span class='ocrx_word' id='word_1_188' title='bbox 505 3489 630 3561; x_wconf 74' lang='lat' dir='ltr'>empto</span> <span class='ocrx_word' id='word_1_189' title='bbox 652 3481 705 3562; x_wconf 78' lang='grc' dir='ltr'>(μὶ</span> <span class='ocrx_word' id='word_1_190' title='bbox 726 3482 823 3544; x_wconf 83' lang='lat' dir='ltr'>induit</span> <span class='ocrx_word' id='word_1_191' title='bbox 842 3489 925 3544; x_wconf 84' lang='lat' dir='ltr'>artua</span> 
     </span>
     <span class='ocr_line' id='line_1_29' title="bbox 191 3590 944 3671; baseline -0.005 -13"><span class='ocrx_word' id='word_1_192' title='bbox 191 3593 362 3658; x_wconf 75' lang='lat' dir='ltr'>Obscurum</span> <span class='ocrx_word' id='word_1_193' title='bbox 384 3590 494 3652; x_wconf 86' lang='lat' dir='ltr'>uinerie</span> <span class='ocrx_word' id='word_1_194' title='bbox 514 3609 613 3671; x_wconf 80' lang='lat' dir='ltr'>panno</span> <span class='ocrx_word' id='word_1_195' title='bbox 634 3591 782 3654; x_wconf 70' lang='lat' dir='ltr'>reserante</span> <span class='ocrx_word' id='word_1_196' title='bbox 803 3591 944 3664; x_wconf 86' lang='lat' dir='ltr'>euierern,</span> 
     </span>
     <span class='ocr_line' id='line_1_30' title="bbox 190 3699 1037 3785; baseline -0.004 -18"><span class='ocrx_word' id='word_1_197' title='bbox 190 3705 285 3785; x_wconf 84' lang='lat' dir='ltr'>inqua</span> <span class='ocrx_word' id='word_1_198' title='bbox 306 3717 372 3763; x_wconf 89' lang='lat' dir='ltr'>mea</span> <span class='ocrx_word' id='word_1_199' title='bbox 394 3699 472 3764; x_wconf 86' lang='lat' dir='ltr'>bene</span> <span class='ocrx_word' id='word_1_200' title='bbox 494 3701 578 3764; x_wconf 81' lang='lat' dir='ltr'>urna</span> <span class='ocrx_word' id='word_1_201' title='bbox 599 3719 689 3764; x_wconf 86' lang='lat' dir='ltr'>manu</span> <span class='ocrx_word' id='word_1_202' title='bbox 710 3719 759 3764; x_wconf 87' lang='lat' dir='ltr'>ma</span> <span class='ocrx_word' id='word_1_203' title='bbox 781 3702 865 3764; x_wconf 88' lang='lat' dir='ltr'>irena</span> <span class='ocrx_word' id='word_1_204' title='bbox 887 3709 1037 3764; x_wconf 86' lang='lat' dir='ltr'>tenentem</span> 
     </span>
     <span class='ocr_line' id='line_1_31' title="bbox 189 3811 883 3894; baseline -0.003 -18"><span class='ocrx_word' id='word_1_205' title='bbox 189 3811 313 3894; x_wconf 69' lang='lat' dir='ltr'>lmmrii</span> <span class='ocrx_word' id='word_1_206' title='bbox 333 3811 403 3886; x_wconf 84' lang='lat' dir='ltr'>ridi,</span> <span class='ocrx_word' id='word_1_207' title='bbox 427 3829 462 3874; x_wconf 86' lang='lat' dir='ltr'>ae</span> <span class='ocrx_word' id='word_1_208' title='bbox 483 3817 566 3874; x_wconf 85' lang='lat' dir='ltr'>tanta</span> <span class='ocrx_word' id='word_1_209' title='bbox 585 3824 637 3874; x_wconf 86' lang='lat' dir='ltr'>rue</span> <span class='ocrx_word' id='word_1_210' title='bbox 655 3812 737 3874; x_wconf 86' lang='lat' dir='ltr'>mute</span> <span class='ocrx_word' id='word_1_211' title='bbox 756 3811 883 3892; x_wconf 87' lang='lat' dir='ltr'>potitum</span> 
     </span>
    </p>

    <p class='ocr_par' dir='ltr' id='par_1_17' title="bbox 139 3921 1053 4442">
     <span class='ocr_line' id='line_1_32' title="bbox 139 3921 1053 4002; baseline 0 -18"><span class='ocrx_word' id='word_1_212' title='bbox 139 3929 172 3984; x_wconf 75' lang='lat' dir='ltr'>tu</span> <span class='ocrx_word' id='word_1_213' title='bbox 188 3924 343 3986; x_wconf 83' lang='lat' dir='ltr'>Partarum</span> <span class='ocrx_word' id='word_1_214' title='bbox 364 3939 462 4002; x_wconf 86' lang='lat' dir='ltr'>nuper</span> <span class='ocrx_word' id='word_1_215' title='bbox 481 3939 593 3997; x_wconf 78' lang='lat' dir='ltr'>terrun,</span> <span class='ocrx_word' id='word_1_216' title='bbox 613 3928 653 3994; x_wconf 84' lang='lat' dir='ltr'>et,</span> <span class='ocrx_word' id='word_1_217' title='bbox 674 3922 754 4001; x_wconf 81' lang='lat' dir='ltr'>quud</span> <span class='ocrx_word' id='word_1_218' title='bbox 776 3926 917 4000; x_wconf 74' lang='lat' dir='ltr'>praestat,</span> <span class='ocrx_word' id='word_1_219' title='bbox 937 3921 1053 3992; x_wconf 62' lang='lat' dir='ltr'>enrith,</span> 
     </span>
     <span class='ocr_line' id='line_1_33' title="bbox 189 4029 889 4112; baseline 0 -18"><span class='ocrx_word' id='word_1_220' title='bbox 189 4031 228 4095; x_wconf 85' lang='lat' dir='ltr'>Ut</span> <span class='ocrx_word' id='word_1_221' title='bbox 249 4029 340 4111; x_wconf 82' lang='lat' dir='ltr'>eupiti</span> <span class='ocrx_word' id='word_1_222' title='bbox 361 4029 424 4093; x_wconf 87' lang='lat' dir='ltr'>nati</span> <span class='ocrx_word' id='word_1_223' title='bbox 445 4029 596 4095; x_wconf 75' lang='lat' dir='ltr'>viduatum</span> <span class='ocrx_word' id='word_1_224' title='bbox 615 4029 754 4112; x_wconf 81' lang='lat' dir='ltr'>prinuipe</span> <span class='ocrx_word' id='word_1_225' title='bbox 776 4037 889 4094; x_wconf 79' lang='lat' dir='ltr'>eertum</span> 
     </span>
     <span class='ocr_line' id='line_1_34' title="bbox 187 4139 1027 4221; baseline 0 -19"><span class='ocrx_word' id='word_1_226' title='bbox 187 4139 366 4221; x_wconf 84' lang='lat' dir='ltr'>Impositum</span> <span class='ocrx_word' id='word_1_227' title='bbox 388 4139 479 4204; x_wconf 82' lang='lat' dir='ltr'>inerit</span> <span class='ocrx_word' id='word_1_228' title='bbox 497 4141 603 4214; x_wconf 78' lang='lat' dir='ltr'>noant,</span> <span class='ocrx_word' id='word_1_229' title='bbox 625 4147 717 4221; x_wconf 77' lang='lat' dir='ltr'>atque</span> <span class='ocrx_word' id='word_1_230' title='bbox 736 4159 773 4203; x_wconf 78' lang='lat' dir='ltr'>er</span> <span class='ocrx_word' id='word_1_231' title='bbox 793 4139 914 4204; x_wconf 84' lang='lat' dir='ltr'>oaeibue</span> <span class='ocrx_word' id='word_1_232' title='bbox 935 4139 1027 4220; x_wconf 75' lang='lat' dir='ltr'>hu&#39;paa</span> 
     </span>
     <span class='ocr_line' id='line_1_35' title="bbox 187 4249 1002 4331; baseline -0.002 -17"><span class='ocrx_word' id='word_1_233' title='bbox 187 4249 375 4331; x_wconf 79' lang='lat' dir='ltr'>Principium</span> <span class='ocrx_word' id='word_1_234' title='bbox 394 4259 511 4314; x_wconf 81' lang='lat' dir='ltr'>traxere</span> <span class='ocrx_word' id='word_1_235' title='bbox 531 4267 618 4313; x_wconf 89' lang='lat' dir='ltr'>auum</span> <span class='ocrx_word' id='word_1_236' title='bbox 639 4250 765 4312; x_wconf 78' lang='lat' dir='ltr'>tatarum</span> <span class='ocrx_word' id='word_1_237' title='bbox 786 4269 857 4312; x_wconf 80' lang='lat' dir='ltr'>osea</span> <span class='ocrx_word' id='word_1_238' title='bbox 877 4257 1002 4312; x_wconf 75' lang='lat' dir='ltr'>sanate</span> 
     </span>
     <span class='ocr_line' id='line_1_36' title="bbox 187 4357 1042 4442; baseline -0.006 -17"><span class='ocrx_word' id='word_1_239' title='bbox 187 4361 350 4441; x_wconf 72' lang='lat' dir='ltr'>Sanguinis</span> <span class='ocrx_word' id='word_1_240' title='bbox 371 4359 567 4442; x_wconf 73' lang='lat' dir='ltr'>uppnbrium</span> <span class='ocrx_word' id='word_1_241' title='bbox 588 4360 686 4426; x_wconf 80' lang='lat' dir='ltr'>uonec</span> <span class='ocrx_word' id='word_1_242' title='bbox 706 4377 768 4424; x_wconf 86' lang='lat' dir='ltr'>nen</span> <span class='ocrx_word' id='word_1_243' title='bbox 790 4357 914 4422; x_wconf 70' lang='lat' dir='ltr'>enutriit</span> <span class='ocrx_word' id='word_1_244' title='bbox 935 4359 1042 4436; x_wconf 71' lang='lat' dir='ltr'>ingene</span> 
     </span>
    </p>
   </div>
   <div class='ocr_carea' id='block_1_3' title="bbox 0 0 1576 5166">
    <p class='ocr_par' dir='ltr' id='par_1_18' title="bbox 0 0 1576 5166">
     <span class='ocr_line' id='line_1_37' title="bbox 0 0 1576 5166; baseline 0 0"><span class='ocrx_word' id='word_1_245' title='bbox 0 0 1576 5166; x_wconf 95' lang='lat' dir='ltr'> </span> 
     </span>
    </p>
   </div>
  </div>
 </body>
</html>
