3144 5164
305 403 367 466 324
766 401 901 452 raaaorsr
920 401 976 452 nr.

370 622 408 685 Ut
427 620 524 684 subita
547 629 576 683 ct
598 620 730 682 candens
750 637 798 680 me
821 617 1019 680 circumfulsit
1040 625 1069 680 et
1091 617 1144 680 icit

320 757 354 809 70
370 732 497 795 Lumina
520 730 596 794 ricta
618 729 692 792 mibi
714 747 776 791 non
799 729 875 791 ultra
895 745 983 809 passa
1007 727 1149 790 nitorem!

413 842 450 902 nt
470 849 531 902 tam
552 841 685 901 lormoso
708 837 876 918 ridentique
898 856 950 900 ore
971 838 1105 901 Bcarmx

372 949 465 1012 Obvia
488 950 565 1010 lacta
587 947 661 1010 mihi
684 955 739 1021 est,
761 955 794 1008 ut
816 965 873 1026 ego
895 946 975 1009 inter
995 956 1111 1010 caetera
1132 945 1275 1027 linquam,

372 1059 456 1131 Quae
477 1077 563 1120 mens
585 1067 687 1120 nostra
710 1055 796 1136 sequi
818 1055 896 1118 baud
918 1055 1019 1118 valuit.
1062 1056 1119 1118 llic
1140 1057 1256 1120 reddita
1279 1067 1384 1121 nostro

371 1167 427 1229 Est
446 1167 539 1229 virtus
561 1167 659 1242 oculo,
681 1175 712 1228 et
732 1181 823 1243 regna
846 1165 882 1227 ad
904 1165 1000 1244 maqis
1022 1165 1080 1227 alta
1102 1166 1208 1228 salutis

321 1291 354 1345 75
372 1275 547 1338 Translatus
568 1276 650 1340 sensi
672 1275 755 1338 solus
777 1274 853 1338 duce
875 1293 936 1336 non
958 1275 1024 1337 sine
1045 1275 1128 1338 Diva.

371 1386 465 1467 ldque
487 1385 561 1448 satis
583 1385 699 1448 monuit
720 1384 800 1446 risus
823 1383 937 1466 majore
960 1401 1122 1446 coruscans

371 1494 513 1568 Flamma,
536 1513 595 1575 quo
616 1494 680 1556 visa
702 1505 749 1556 est
771 1493 837 1556 sine
858 1513 942 1556 more
963 1493 1124 1557 rubescere
1146 1493 1241 1556 steila.

373 1605 429 1667 llic
451 1623 506 1684 ego
528 1603 619 1666 corde
640 1604 692 1684 pio
714 1605 836 1677 ellusus,
861 1621 980 1684 quoque
1003 1603 1143 1666 omuibus
1165 1623 1225 1665 uno

373 1715 518 1776 Sermone
540 1714 660 1788 astuti,
684 1715 892 1794 superumque
913 1712 1127 1792 hominumque
1149 1723 1314 1793 parentem,

322 1839 357 1894 8⁰
375 1824 440 1897 Qua
464 1841 563 1903 prece,
586 1823 719 1903 adoravi,
739 1841 794 1903 par
816 1831 862 1884 est
882 1840 1011 1902 pensare
1032 1822 1181 1884 novellum

374 1933 439 1994 lloc
461 1933 589 2008 donunr;
611 1932 735 1996 etmihi
758 1930 836 1994 sacri
858 1932 889 1994 in
913 1931 1003 1993 corde
1025 1931 1165 2010 piaminis
1188 1932 1279 1995 ardor

375 2042 512 2104 Nondum
534 2042 695 2104 exhaustus
718 2051 791 2115 crat,
814 2061 881 2104 cum
903 2049 951 2103 sat
970 2040 1121 2121 placuisse
1142 2041 1263 2106 litamen

376 2151 514 2214 Oblatum
537 2153 633 2214 lausto
656 2151 736 2214 nori.
780 2152 854 2214 Nam
876 2151 965 2231 copia
986 2159 1069 2212 tanta

375 2261 524 2340 Fulgoris,
548 2269 648 2324 tantus
669 2260 863 2342 splendomm
885 2260 952 2324 luce
973 2260 1131 2322 rubentum

323 2371 475 2437 851mber
496 2390 529 2432 se
552 2370 657 2432 effudit
677 2370 830 2433 radiorum
852 2389 888 2432 ex
910 2369 979 2450 ique
1002 2369 1137 2444 duorum,

374 2481 505 2562 Impetus
526 2489 560 2542 ut
581 2481 671 2542 luerit
693 2480 836 2542 clamare:
860 2478 895 2552 0,
919 2478 969 2560 qui
991 2479 1071 2541 lleus
1094 2497 1184 2542 ornas

374 2590 427 2652 Sic
448 2588 538 2652 istos!
562 2589 667 2664 Veluti,
689 2589 822 2654 variante
844 2589 1003 2670 minusque
1024 2590 1178 2669 magisque

373 2698 501 2761 Lumine
523 2699 684 2773 stellarum,
708 2699 846 2761 distincte
869 2699 971 2780 polum
994 2698 1072 2760 iuter
1093 2707 1250 2780 utrumque

374 2808 534 2880 alberita,
557 2815 590 2870 ut
611 2807 715 2870 doctas
738 2810 828 2887 agitet
848 2809 893 2870 ria
916 2808 1011 2870 lactea
1033 2817 1164 2882 mentem

325 2922 360 2977 0⁰
376 2915 461 2979 llaud
484 2916 571 2978 aliter
591 2917 686 2980 stellis
708 2917 810 2998 stipati
832 2915 863 2978 in
884 2917 977 2980 hlarte
998 2917 1148 2997 profundo

375 3027 427 3090 Bis
451 3025 560 3106 gemini
583 3025 680 3104 lulgor
697 3026 814 3107 jubaris
836 3027 1004 3089 venerabile
1027 3027 1143 3104 signum

376 3137 528 3210 Nectebat,
548 3135 647 3219 juncti
669 3137 748 3217 quod
771 3136 959 3217 descripsere
981 3138 1159 3218 quadrantes

375 3247 537 3328 Explentes
559 3245 693 3309 circium.
716 3277 756 3291 -
779 3245 843 3318 llic,
866 3246 990 3308 memori
1014 3265 1089 3327 quae
1111 3247 1231 3311 condite
1252 3259 1365 3326 mente,

376 3355 531 3434 ingenium
553 3366 712 3436 superant3
734 3354 943 3435 nequeenim,
966 3373 1023 3435 que
1045 3356 1159 3434 fulgere
1181 3358 1332 3423 Christum

326 3481 359 3536 aa
376 3465 410 3526 lu
432 3483 522 3528 cruce
543 3483 599 3544 ego
620 3464 691 3538 vidi,
714 3464 890 3545 exemplum,
913 3465 992 3544 quod
1015 3465 1144 3546 imagine
1165 3477 1248 3531 tanta

377 3573 422 3636 su
443 3572 575 3652 dignum,
597 3574 670 3636 mibi
692 3575 790 3638 adhuc
810 3571 907 3654 patuit
927 3576 1061 3656 reperire
1082 3584 1228 3656 potestas.

375 3683 414 3744 ht
435 3681 614 3764 quicumque
636 3701 756 3747 erucem
777 3683 835 3746 sibi
857 3683 935 3746 tollit
955 3703 1034 3764 pone
1056 3695 1176 3748 secutus

377 3790 537 3866 Christum,
560 3792 713 3855 excusabit
733 3793 807 3855 mihi
829 3794 1049 3873 praetermissa,
1072 3794 1231 3859 micantem

375 3900 485 3963 Postea
506 3901 557 3964 uhi
579 3901 637 3964 hoc
658 3901 756 3965 rideat
778 3902 908 3966 candore
928 3903 1078 3967 nitescere
1100 3905 1261 3968 Christum.

311 4019 361 4073 too
376 4009 420 4072 Ex
440 4028 511 4084 uno,
533 4017 622 4091 atque
643 4030 703 4073 uno
726 4030 819 4074 comu
841 4031 955 4075 summa
977 4013 1056 4076 iuter
1076 4023 1107 4076 et
1127 4013 1195 4090 ima,

376 4119 486 4182 Nescia
507 4131 596 4193 stare,
619 4119 701 4182 ibant
721 4122 832 4184 circum
855 4122 1031 4202 ejaculantia
1052 4124 1185 4186 flammas

379 4230 504 4293 humina
525 4247 673 4292 concursu
694 4230 815 4309 pariter,
837 4231 1008 4311 pariterque
1030 4251 1164 4296 recursu.

377 4339 443 4402 Non
466 4359 553 4402 secus
575 4339 625 4402 hic
646 4355 752 4401 cernes
773 4347 865 4413 recte,
889 4339 1020 4421 obliqua,
1043 4343 1145 4416 incita,
1168 4345 1251 4408 tarda
