3144 5164
289 465 295 482 ι
335 403 342 422 ⁰
774 401 909 454 Plutnlst
926 401 982 454 llll,

874 687 957 770 xtl.

423 840 448 901 0
472 839 601 902 curanda
623 858 728 920 parum
749 839 876 902 deducta
899 859 916 902 a
938 841 1083 919 sanguine
1106 850 1207 904 nostra

379 948 537 1022 Nobilitas,
558 949 586 1010 si
608 949 736 1011 humana
759 949 851 1012 doces
869 950 983 1030 jactare
1005 958 1154 1012 vetustum

379 1060 504 1120 Pectora
527 1067 556 1120 te
579 1067 702 1139 propter
723 1061 815 1122 decus
836 1059 896 1131 hic,
918 1059 970 1122 ubi
992 1060 1113 1138 languet
1134 1062 1246 1124 amoris

379 1169 510 1230 Flamma
532 1167 615 1242 boni,
638 1187 789 1249 nunquam
812 1170 900 1232 luerit
922 1168 1059 1232 mirabile
1081 1168 1176 1232 visum

346 1279 413 1340 ald
434 1278 525 1340 mihi:
549 1297 607 1358 quo
631 1279 712 1340 nullo
735 1279 866 1341 declinat
888 1279 962 1341 calle
984 1277 1095 1358 cupido

378 1389 504 1461 duero,
527 1389 557 1448 in
580 1386 675 1460 coelo,
698 1388 725 1449 si
748 1388 819 1468 quid
842 1388 917 1452 mihi
939 1389 1032 1467 poris
1055 1388 1162 1450 suasit.
1281 1386 1288 1401 '

378 1499 448 1579 ipsa
471 1497 591 1578 quidem
614 1517 647 1560 es
670 1498 772 1571 vestis,
794 1517 871 1578 quae
893 1516 962 1560 mor
984 1495 1123 1562 dt'cu1·ta
1144 1499 1289 1581 supellex,

378 1609 425 1682 Ut,
448 1608 507 1670 nisi
529 1608 596 1687 quis
618 1608 737 1670 studeat
758 1608 919 1688 quidquam
941 1609 1143 1688 superaddere
1165 1609 1196 1670 in
1219 1610 1320 1684 horas,

255 1723 259 1752 ¹
379 1719 421 1780 Tc
444 1718 556 1780 circum
579 1717 682 1780 volitet
703 1718 824 1778 taeitmn
847 1737 914 1780 cum
936 1719 1051 1798 forcipe
1073 1725 1199 1799 tempus.

330 1836 362 1887 ιο
380 1829 447 1901 Vos,
470 1827 526 1890 hac
547 1847 621 1889 voce
642 1846 715 1889 usus
739 1829 834 1907 coepi,
859 1846 946 1910 quam
967 1846 1058 1907 passa
1080 1828 1230 1907 loquelam
1252 1840 1300 1893 est

377 1939 471 2000 Roma
494 1938 587 2018 prius,
610 1937 664 1998 sed
687 1955 776 2017 quam
797 1945 867 2017 post
889 1955 948 2022 non
971 1946 1093 1998 tenuere
1115 1947 1260 2019 nepotesq

377 2051 416 2109 tt
436 2067 512 2128 quae
535 2047 710 2110 constiterat
730 2046 849 2126 paulum
872 2056 986 2109 semota
1009 2046 1142 2109 Bsarnrx

377 2158 497 2220 Ridenti
520 2156 637 2230 similis,
660 2175 737 2236 quae
760 2165 829 2218 tuno
851 2155 978 2228 tussivit,
1001 2155 1051 2218 ubi
1074 2175 1160 2218 error

378 2269 506 2342 Primus,
528 2275 562 2330 ul
583 2276 630 2329 est
651 2265 806 2346 seriptum,
830 2266 925 2328 suasit
946 2283 1072 2346 peccare
1094 2265 1256 2344 Ginevrae,

328 2378 437 2440 tovos
459 2375 533 2440 estis
554 2386 648 2458 pater,
672 2394 689 2437 a
711 2375 796 2438 vobis
818 2375 927 2438 fiducia
949 2374 1042 2440 menti

377 2488 469 2550 Plena
491 2506 575 2550 meae
596 2485 686 2560 venit,
708 2505 762 2548 vos
785 2485 831 2546 sie
852 2503 899 2547 me
921 2485 1058 2548 attollitis
1081 2487 1157 2548 ultra

378 2598 473 2672 Vires,
496 2605 528 2660 ut
549 2598 646 2679 major
666 2617 715 2660 me
738 2596 806 2658 sina.
850 2595 909 2657 Tot
931 2595 1064 2658 lontibus
1086 2595 1186 2659 haurit

377 2708 461 2769 Mens
483 2726 549 2769 mea
570 2707 722 2780 laetitiam,
744 2713 776 2768 ut
797 2723 854 2785 per
874 2725 907 2768 se
929 2705 971 2768 sit
992 2707 1069 2768 lacta
1089 2706 1167 2769 beati

378 2817 460 2880 Fons
483 2817 587 2895 gaudl3
609 2825 709 2879 tamen
731 2816 761 2878 in
784 2833 818 2876 se
840 2833 874 2878 se
897 2823 979 2878 tenet
998 2817 1088 2891 unda,
1112 2835 1168 2880 nec
1188 2825 1304 2880 aronam

325 2936 361 2989 20
377 2926 516 3006 Ellringit
536 2927 708 2988 claustrum.
752 2926 862 3000 Quare,
885 2925 1040 2988 carissima
1063 2927 1147 3004 origo

376 3038 475 3100 Prima
497 3055 581 3100 meae
603 3035 710 3115 gentis,
733 3035 864 3116 majores
886 3035 977 3098 dicite
998 3046 1124 3112 vestros,

375 3147 482 3224 Dicite,
505 3165 580 3228 quae
601 3147 715 3227 primae
738 3146 849 3208 luerint
869 3147 986 3223 signata
1004 3147 1143 3228 juventae

376 3259 535 3339 Tempora,
558 3276 614 3320 uec
634 3257 736 3337 pigeat
755 3275 810 3318 ros
831 3257 939 3330 dicere,
963 3255 1041 3320 ovile
1061 3257 1187 3320 loannis

377 3369 527 3441 Quantum
550 3367 592 3430 ibi
614 3376 675 3429 tum
698 3365 797 3441 luerit,
821 3365 931 3446 quique
952 3367 1031 3429 inter
1052 3367 1145 3428 millia
1167 3368 1258 3432 multa

325 3489 360 3544 25
375 3477 551 3540 Exstiterint
571 3476 653 3556 digni
675 3475 770 3555 magis
792 3475 858 3538 altis
880 3476 980 3538 sidem
1002 3476 1144 3540 scamnis.

418 3587 572 3650 Flentibus
592 3595 626 3649 ut
645 3586 744 3649 ventis
765 3588 883 3648 llamnm
904 3585 936 3646 in
958 3587 1088 3650 carbone
1110 3589 1235 3651 resumit

375 3696 470 3770 Vires,
494 3697 639 3760 siciliam
661 3695 721 3758 vidi
743 3695 954 3776 splendescere
976 3697 1073 3760 lucem

375 3807 437 3869 iias
458 3807 494 3869 ad
516 3806 692 3869 blanditias:
715 3814 804 3886 atque
826 3814 858 3869 ut
879 3824 963 3886 mage
984 3807 1108 3888 pulchra
1132 3806 1248 3870 reiulsit

375 3915 429 3978 llla
451 3915 527 3978 meis
549 3915 653 3989 oculis,
676 3915 716 3978 ita
739 3917 856 3979 dulcius
877 3935 931 3978 ore
952 3928 1088 3992 sonante,

324 4043 359 4096 ao
375 4027 436 4089 Sed
458 4043 528 4100 non,
552 4044 611 4106 quo
633 4035 757 4088 utantur
777 4025 882 4100 nostri,
905 4045 1045 4089 sermone
1066 4027 1164 4090 locuta
1187 4037 1250 4090 est:

375 4135 419 4199 ux
441 4154 500 4217 quo
522 4135 595 4197 dixit
615 4129 696 4197 loe!
718 4137 802 4198 coelo
825 4135 973 4199 demissus
997 4136 1033 4199 ab
1057 4137 1115 4200 alto

376 4245 503 4320 Gabriel,
526 4245 565 4308 ad
587 4253 713 4326 tempus,
737 4265 796 4326 quo
818 4246 850 4308 in
872 4246 993 4308 luminis
1016 4246 1110 4310 edidit
1132 4265 1219 4310 auras

374 4357 421 4420 lie
443 4355 579 4437 genitrix,
602 4373 677 4436 quae
699 4363 801 4420 saneta
822 4357 913 4420 modo
935 4365 989 4431 est,
1012 4358 1158 4438 repetisse
1180 4358 1314 4422 Leonem
