3116 5162
598 411 771 466 ammento.
1259 433 1316 490 no

77 595 196 670 labores
231 596 384 670 eonlerre
419 593 627 690 desiderant,
662 600 718 696 qni
752 607 900 695 empore
936 623 1013 674 eum
1046 611 1312 699 praecesserunt,

77 715 167 788 unius
190 715 405 812 ejusdemque
430 714 495 789 loci
522 713 704 808 (celebrem
737 717 778 791 de
803 716 980 792 Francisoa
1004 719 1207 793 Ariminensi
1235 744 1311 793 nar-

78 835 226 906 rationem
242 833 452 929 selegimus),
460 845 623 932 quoevum
637 834 784 908 nancisci
802 835 983 932 potuimus,
996 837 1167 912 versiones
1175 839 1310 913 Latinas

77 949 128 1023 bie
150 951 351 1026 exhibentes
396 952 469 1037 Oua
496 954 529 1025 in
557 977 594 1026 re
620 953 788 1026 abstinere
815 977 881 1028 non
907 979 1097 1052 possumuS,
1124 957 1204 1054 quin
1230 957 1310 1031 viris

78 1071 173 1144 doctis
197 1081 296 1168 atque
322 1071 502 1165 benevolis,
530 1095 670 1170 quorum
699 1072 887 1146 liberalitati
914 1096 1067 1170 magnam
1094 1075 1193 1171 liujus
1211 1099 1309 1172 appa·

78 1201 159 1262 ratus
181 1200 308 1286 perlem
333 1189 505 1283 debemus,
531 1190 655 1285 gratias
680 1213 817 1284 agamus
843 1215 925 1288 quas
945 1215 1122 1288 possumus
1139 1195 1308 1268 maximas.

79 1307 261 1382 llominasse
297 1308 442 1380 sullieiat
472 1308 766 1402 Seymourium
799 1307 958 1405 llirlrup
995 1310 1139 1406 anglum
1172 1322 1206 1384 et
1229 1312 1308 1385 Vo-

79 1427 224 1520 gelinm
254 1426 294 1498 de
318 1425 570 1523 Vogelstein
602 1424 844 1517 llresvlensem,
879 1427 1143 1524 elegantissimos
1175 1429 1307 1504 Dantis·

79 1569 133 1641 qtre
156 1545 416 1644 studiosissimos
438 1546 594 1644 pictores,
610 1543 889 1618 Francisoum
918 1545 1206 1642 Longhenam,
1226 1549 1307 1623 Pro·
1341 1571 1344 1582 ¹

80 1664 224 1736 lessorem
241 1663 533 1756 Mediolanensem,
554 1666 660 1734 vinnm
678 1662 950 1759 literatissimum,
976 1676 1010 1738 et
1031 1665 1200 1740 Petrum
1221 1667 1306 1742 lllu-

79 1806 195 1880 gnam,
209 1782 471 1856 eruditissimum
488 1781 573 1878 apul
582 1781 857 1858 vindobonenses
865 1782 1105 1878 professorem,
1120 1810 1185 1883 quo
1203 1786 1305 1860 inter·

79 1902 200 1972 cedente
230 1911 420 1997 postumum
448 1900 560 1992 etiam,
584 1901 672 1998 quod
702 1899 1008 1994 edimus,P1azzan
1033 1927 1117 2000 opus
1151 1905 1305 1980 manibus

77 2020 185 2092 nostris
206 2020 421 2092 commissum
442 2027 503 2090 est.

164 2138 310 2210 Primum
338 2160 415 2209 vero
441 2137 528 2209 inter
559 2137 659 2208 hasoe
691 2136 926 2210 conversiones
954 2138 1064 2210 lorum
1096 2161 1134 2210 ea
1165 2141 1303 2236 obtinet,

78 2280 161 2350 qnam
187 2256 393 2328 llnvvnnaus
421 2253 577 2346 Ronvus,
607 2253 789 2326 monachus
814 2255 1015 2347 Olivelanns,
1044 2265 1160 2352 poetae
1184 2283 1304 2357 aequa·

77 2373 112 2446 lis
136 2381 174 2464 l†
202 2376 335 2470 1343),
366 2371 610 2470 composuit*).
662 2371 712 2446 Ex
742 2371 857 2445 codiee
884 2371 1255 2476 Maglimeccbiano**)
1284 2403 1302 2452 a

77 2490 268 2590 liirlrupio
293 2492 541 2567 accuratissime
564 2491 727 2590 exscripta
753 2491 837 2564 baeu
863 2502 933 2565 est:

475 2726 656 2790 llll'lllllll.
678 2727 712 2802 v,
735 2730 775 2792 73
798 2745 889 2798 anuo.

180 2882 285 2944 [liuere
307 2887 379 2942 tnnc
401 2879 497 2961 coepi,
520 2888 603 2940 vates
625 2897 644 2939 o
667 2875 832 2956 clarem),
854 2877 984 2941 libenter

221 2983 336 3062 llempe
358 2979 474 3044 duabus
496 2979 551 3054 eie,
574 2989 684 3042 coeunt
705 2998 790 3060 quae,
812 2978 902 3041 verba
923 2980 1076 3054 referrem,

135 3101 164 3150 ‘1⁵
221 3084 272 3146 Sia
294 3091 325 3144 et
346 3081 382 3144 ad
405 3081 435 3143 id
457 3081 565 3144 llamen
587 3080 693 3144 laeiles
715 3066 893 3162 quaestore
914 3079 1060 3144 videntur.
1196 3107 1200 3115 ’

178 3193 221 3246 Aa
240 3184 283 3246 ait
304 3183 353 3244 ille
375 3181 458 3256 mibi,
482 3181 524 3243 sis
547 3191 660 3256 cautus,
684 3181 803 3262 quando
825 3180 1020 3264 propinquas,

219 3285 281 3348 liae
303 3283 398 3360 magis
420 3282 553 3345 ellieient
574 3302 607 3345 se
628 3282 725 3356 nobis,
748 3291 878 3362 tuncque
900 3290 1005 3360 rogato

219 3385 360 3462 Quem’s)
382 3385 464 3447 vehit
484 3384 552 3463 igne
573 3383 647 3447 (luas
669 3383 760 3466 ipsas.
783 3381 962 3462 venientque
985 3392 1117 3464 repente,

178 3487 273 3562 Qum
294 3486 354 3548 oito
377 3485 471 3548 lleotit
492 3505 543 3548 eas
565 3485 602 3548 ad
623 3503 680 3547 nos
702 3483 838 3564 caliginis
860 3503 940 3547 aura.

131 3605 162 3653 eu
219 3588 310 3660 lleus,
333 3587 422 3649 sunau
443 3587 587 3659 vocitans,
609 3585 725 3648 animae
745 3603 801 3666 per
821 3603 943 3666 semper
962 3583 1094 3659 anbelae,

219 3689 291 3762 Oro,
313 3688 412 3750 venite
434 3686 518 3770 loqui
539 3687 637 3762 nobis,
661 3686 720 3750 nisi
742 3687 870 3766 deneget
891 3685 982 3750 alter!

176 3790 310 3864 Qualiter
332 3807 348 3850 a
370 3797 439 3852 voto
461 3789 627 3870 genitorum
651 3787 709 3850 cita
730 3787 866 3850 columba

214 3889 339 3954 Advolat
360 3889 397 3952 ad
419 3889 522 3952 nidum
543 3889 675 3970 lepidum
697 3888 873 3950 sublimibus
895 3887 950 3952 alie

214 3991 254 4054 lit
274 3965 389 4064 solidil,
413 3991 526 4055 avelle
548 4009 604 4053 suo
626 3989 749 4051 devecta
770 3985 948 4070 novellum,

120 4177 145 4240 ⁸)
161 4179 217 4230 liele
235 4178 427 4230 columbam
444 4177 647 4228 balluarum
664 4189 690 4240 p.
709 4171 834 4224 llll-⁴³.

120 4261 160 4324 ⁸)
176 4265 213 4314 ll.
230 4263 272 4315 82.
290 4261 423 4314 columb
440 4262 475 4314 ale
493 4261 627 4312 llatiner
643 4275 669 4324 p.
686 4257 745 4310 24⁰.

118 4346 358 4500 lllleiossenwebat
374 4429 511 4492 mandam.
530 4429 574 4482 red
591 4429 682 4482 obstitit
700 4438 815 4478 namura
832 4423 971 4474 harmolai.
