<?xml version="1.0" encoding="UTF-8"?>
<!DOCTYPE html PUBLIC "-//W3C//DTD XHTML 1.0 Transitional//EN"
    "http://www.w3.org/TR/xhtml1/DTD/xhtml1-transitional.dtd">
<html xmlns="http://www.w3.org/1999/xhtml" xml:lang="en" lang="en">
 <head>
  <title>
</title>
<meta http-equiv="Content-Type" content="text/html;charset=utf-8" />
  <meta name='ocr-system' content='tesseract 3.04.00' />
  <meta name='ocr-capabilities' content='ocr_page ocr_carea ocr_par ocr_line ocrx_word'/>
</head>
<body>
  <div class='ocr_page' id='page_1' title='image "./divinacomoedia00piazgoog_0454.png"; bbox 0 0 3144 5164; ppageno 0'>
   <div class='ocr_carea' id='block_1_1' title="bbox 201 437 1323 733">
    <p class='ocr_par' dir='ltr' id='par_1_1' title="bbox 89 375 1323 733">
     <span class='ocr_line' id='line_1_1' title="bbox 580 437 819 488; baseline 0 0"><span class='ocrx_word' id='word_1_1' title='bbox 580 437 714 488; x_wconf 76' lang='lat' dir='ltr'><strong>l‘attlutst</strong></span> <span class='ocrx_word' id='word_1_2' title='bbox 732 439 819 488; x_wconf 75' lang='lat' dir='ltr'><strong>lxttt.</strong></span> 
     </span>
     <span class='ocr_line' id='line_1_2' title="bbox 1321 522 1323 533; baseline 0.009 -0.018"><span class='ocrx_word' id='word_1_3' title='bbox 1321 522 1323 533; x_wconf 82' lang='grc'><strong>,</strong></span> 
     </span>
     <span class='ocr_line' id='line_1_3' title="bbox 201 640 1311 733; baseline 0.008 -20"><span class='ocrx_word' id='word_1_4' title='bbox 201 653 354 714; x_wconf 85' lang='lat' dir='ltr'><strong>Latrinam</strong></span> <span class='ocrx_word' id='word_1_5' title='bbox 376 653 448 716; x_wconf 89' lang='lat' dir='ltr'><strong>lecit</strong></span> <span class='ocrx_word' id='word_1_6' title='bbox 468 666 637 717; x_wconf 76' lang='lat' dir='ltr'><strong>manantem</strong></span> <span class='ocrx_word' id='word_1_7' title='bbox 660 657 814 733; x_wconf 85' lang='lat' dir='ltr'><strong>sanguine,</strong></span> <span class='ocrx_word' id='word_1_8' title='bbox 839 659 963 719; x_wconf 89' lang='lat' dir='ltr'><strong>odorem</strong></span> <span class='ocrx_word' id='word_1_9' title='bbox 1304 640 1311 654; x_wconf 43' lang='lat'>²</span> 
     </span>
    </p>
   </div>
   <div class='ocr_carea' id='block_1_2' title="bbox 202 763 1052 844">
    <p class='ocr_par' dir='ltr' id='par_1_2' title="bbox 202 763 1052 844">
     <span class='ocr_line' id='line_1_4' title="bbox 202 763 1052 844; baseline 0.005 -20"><span class='ocrx_word' id='word_1_10' title='bbox 202 763 324 832; x_wconf 82' lang='lat' dir='ltr'><strong>&#39;latrum</strong></span> <span class='ocrx_word' id='word_1_11' title='bbox 346 763 540 836; x_wconf 79' lang='lat' dir='ltr'><strong>exhalantem,</strong></span> <span class='ocrx_word' id='word_1_12' title='bbox 564 783 623 844; x_wconf 84' lang='lat' dir='ltr'><strong>qua</strong></span> <span class='ocrx_word' id='word_1_13' title='bbox 645 765 721 826; x_wconf 90' lang='lat' dir='ltr'><strong>inlra</strong></span> <span class='ocrx_word' id='word_1_14' title='bbox 744 767 920 828; x_wconf 89' lang='lat' dir='ltr'><strong>deterrimus</strong></span> <span class='ocrx_word' id='word_1_15' title='bbox 942 767 1052 830; x_wconf 79' lang='lat' dir='ltr'><strong>isthinc</strong></span> 
     </span>
    </p>
   </div>
   <div class='ocr_carea' id='block_1_3' title="bbox 151 871 1074 1064">
    <p class='ocr_par' dir='ltr' id='par_1_3' title="bbox 151 871 1074 1064">
     <span class='ocr_line' id='line_1_5' title="bbox 201 871 1074 953; baseline 0.008 -20"><span class='ocrx_word' id='word_1_16' title='bbox 201 873 318 953; x_wconf 85' lang='lat' dir='ltr'><strong>Lapsus</strong></span> <span class='ocrx_word' id='word_1_17' title='bbox 340 871 482 952; x_wconf 89' lang='lat' dir='ltr'><strong>placatur.</strong></span> <span class='ocrx_word' id='word_1_18' title='bbox 506 905 544 916; x_wconf 94' lang='lat'>—</span> <span class='ocrx_word' id='word_1_19' title='bbox 570 873 674 946; x_wconf 84' lang='lat' dir='ltr'><strong>Quem,</strong></span> <span class='ocrx_word' id='word_1_20' title='bbox 697 875 823 937; x_wconf 86' lang='lat' dir='ltr'><strong>adverso</strong></span> <span class='ocrx_word' id='word_1_21' title='bbox 846 875 919 948; x_wconf 88' lang='lat' dir='ltr'><strong>sole,</strong></span> <span class='ocrx_word' id='word_1_22' title='bbox 943 878 1074 940; x_wconf 89' lang='lat' dir='ltr'><strong>colorem</strong></span> 
     </span>
     <span class='ocr_line' id='line_1_6' title="bbox 151 981 974 1064; baseline 0.006 -22"><span class='ocrx_word' id='word_1_23' title='bbox 151 989 184 1042; x_wconf 81' lang='lat'><strong>25</strong></span> <span class='ocrx_word' id='word_1_24' title='bbox 200 981 342 1043; x_wconf 90' lang='lat' dir='ltr'><strong>lndueret</strong></span> <span class='ocrx_word' id='word_1_25' title='bbox 364 981 459 1044; x_wconf 90' lang='lat' dir='ltr'><strong>nubes</strong></span> <span class='ocrx_word' id='word_1_26' title='bbox 482 982 537 1043; x_wconf 90' lang='lat' dir='ltr'><strong>sub</strong></span> <span class='ocrx_word' id='word_1_27' title='bbox 561 983 656 1062; x_wconf 88' lang='lat' dir='ltr'><strong>prima</strong></span> <span class='ocrx_word' id='word_1_28' title='bbox 678 985 851 1064; x_wconf 88' lang='lat' dir='ltr'><strong>crepuscula</strong></span> <span class='ocrx_word' id='word_1_29' title='bbox 876 987 974 1048; x_wconf 91' lang='lat' dir='ltr'><strong>noetis</strong></span> 
     </span>
    </p>
   </div>
   <div class='ocr_carea' id='block_1_4' title="bbox 153 1089 1133 4468">
    <p class='ocr_par' dir='ltr' id='par_1_4' title="bbox 93 1089 1133 4468">
     <span class='ocr_line' id='line_1_7' title="bbox 202 1089 931 1172; baseline 0.007 -21"><span class='ocrx_word' id='word_1_30' title='bbox 202 1091 254 1152; x_wconf 89' lang='lat' dir='ltr'><strong>Vel</strong></span> <span class='ocrx_word' id='word_1_31' title='bbox 277 1089 362 1164; x_wconf 71' lang='lat' dir='ltr'><strong>lncis&#39;,</strong></span> <span class='ocrx_word' id='word_1_32' title='bbox 385 1091 444 1153; x_wconf 90' lang='lat' dir='ltr'><strong>ridi</strong></span> <span class='ocrx_word' id='word_1_33' title='bbox 467 1100 561 1154; x_wconf 90' lang='lat' dir='ltr'><strong>totum</strong></span> <span class='ocrx_word' id='word_1_34' title='bbox 584 1111 783 1172; x_wconf 77' lang='lat' dir='ltr'><strong>conspergere</strong></span> <span class='ocrx_word' id='word_1_35' title='bbox 806 1093 931 1158; x_wconf 86' lang='lat' dir='ltr'><strong>coelum.</strong></span> 
     </span>
     <span class='ocr_line' id='line_1_8' title="bbox 202 1200 920 1278; baseline 0.004 -16"><span class='ocrx_word' id='word_1_36' title='bbox 202 1201 243 1262; x_wconf 82' lang='lat' dir='ltr'><strong>dc</strong></span> <span class='ocrx_word' id='word_1_37' title='bbox 265 1201 353 1262; x_wconf 87' lang='lat' dir='ltr'><strong>veluti</strong></span> <span class='ocrx_word' id='word_1_38' title='bbox 376 1219 480 1265; x_wconf 90' lang='lat' dir='ltr'><strong>secura</strong></span> <span class='ocrx_word' id='word_1_39' title='bbox 503 1200 551 1263; x_wconf 87' lang='lat' dir='ltr'><strong>sui</strong></span> <span class='ocrx_word' id='word_1_40' title='bbox 573 1209 631 1264; x_wconf 85' lang='lat' dir='ltr'><strong>stat</strong></span> <span class='ocrx_word' id='word_1_41' title='bbox 653 1203 761 1265; x_wconf 86' lang='lat' dir='ltr'><strong>lamina</strong></span> <span class='ocrx_word' id='word_1_42' title='bbox 783 1205 920 1278; x_wconf 88' lang='lat' dir='ltr'><strong>honesta,</strong></span> 
     </span>
     <span class='ocr_line' id='line_1_9' title="bbox 200 1311 1052 1396; baseline 0.007 -24"><span class='ocrx_word' id='word_1_43' title='bbox 200 1311 243 1372; x_wconf 83' lang='lat' dir='ltr'><strong>dc</strong></span> <span class='ocrx_word' id='word_1_44' title='bbox 264 1317 376 1371; x_wconf 89' lang='lat' dir='ltr'><strong>tantum</strong></span> <span class='ocrx_word' id='word_1_45' title='bbox 400 1311 503 1372; x_wconf 88' lang='lat' dir='ltr'><strong>timida</strong></span> <span class='ocrx_word' id='word_1_46' title='bbox 525 1317 571 1372; x_wconf 91' lang='lat' dir='ltr'><strong>est</strong></span> <span class='ocrx_word' id='word_1_47' title='bbox 593 1311 707 1375; x_wconf 90' lang='lat' dir='ltr'><strong>alienae</strong></span> <span class='ocrx_word' id='word_1_48' title='bbox 730 1313 767 1375; x_wconf 91' lang='lat' dir='ltr'><strong>ob</strong></span> <span class='ocrx_word' id='word_1_49' title='bbox 792 1313 915 1376; x_wconf 87' lang='lat' dir='ltr'><strong>crimina</strong></span> <span class='ocrx_word' id='word_1_50' title='bbox 937 1315 1052 1396; x_wconf 90' lang='lat' dir='ltr'><strong>culpae,</strong></span> 
     </span>
     <span class='ocr_line' id='line_1_10' title="bbox 201 1419 943 1516; baseline 0.001 -32"><span class='ocrx_word' id='word_1_51' title='bbox 201 1419 253 1484; x_wconf 89' lang='lat' dir='ltr'><strong>Sic</strong></span> <span class='ocrx_word' id='word_1_52' title='bbox 274 1419 348 1516; x_wconf 59' lang='lat' dir='ltr'><strong>milpi</strong></span> <span class='ocrx_word' id='word_1_53' title='bbox 370 1419 433 1480; x_wconf 83' lang='lat' dir='ltr'><strong>visa</strong></span> <span class='ocrx_word' id='word_1_54' title='bbox 456 1419 513 1481; x_wconf 91' lang='lat' dir='ltr'><strong>luit</strong></span> <span class='ocrx_word' id='word_1_55' title='bbox 532 1421 644 1483; x_wconf 86' lang='lat' dir='ltr'><strong>vultum</strong></span> <span class='ocrx_word' id='word_1_56' title='bbox 666 1431 780 1485; x_wconf 87' lang='lat' dir='ltr'><strong>mutare</strong></span> <span class='ocrx_word' id='word_1_57' title='bbox 802 1424 943 1498; x_wconf 85' lang='lat' dir='ltr'><strong>Baarnrx,</strong></span> 
     </span>
     <span class='ocr_line' id='line_1_11' title="bbox 153 1529 940 1610; baseline 0.005 -19"><span class='ocrx_word' id='word_1_58' title='bbox 153 1545 185 1598; x_wconf 81' lang='lat' dir='ltr'><strong>eo</strong></span> <span class='ocrx_word' id='word_1_59' title='bbox 201 1531 296 1608; x_wconf 73' lang='lat' dir='ltr'><strong>Atque</strong></span> <span class='ocrx_word' id='word_1_60' title='bbox 320 1529 412 1592; x_wconf 88' lang='lat' dir='ltr'><strong>luisse</strong></span> <span class='ocrx_word' id='word_1_61' title='bbox 434 1548 504 1592; x_wconf 88' lang='lat' dir='ltr'><strong>reor</strong></span> <span class='ocrx_word' id='word_1_62' title='bbox 526 1531 611 1592; x_wconf 89' lang='lat' dir='ltr'><strong>talem</strong></span> <span class='ocrx_word' id='word_1_63' title='bbox 635 1531 805 1610; x_wconf 79' lang='lat' dir='ltr'><strong>splendoris</strong></span> <span class='ocrx_word' id='word_1_64' title='bbox 828 1533 860 1594; x_wconf 91' lang='lat' dir='ltr'><strong>in</strong></span> <span class='ocrx_word' id='word_1_65' title='bbox 882 1533 940 1595; x_wconf 91' lang='lat' dir='ltr'><strong>alto</strong></span> 
     </span>
     <span class='ocr_line' id='line_1_12' title="bbox 200 1637 1042 1724; baseline 0.008 -24"><span class='ocrx_word' id='word_1_66' title='bbox 200 1638 355 1700; x_wconf 80' lang='lat' dir='ltr'><strong>Desectam</strong></span> <span class='ocrx_word' id='word_1_67' title='bbox 378 1637 472 1710; x_wconf 84' lang='lat' dir='ltr'><strong>coeto,</strong></span> <span class='ocrx_word' id='word_1_68' title='bbox 496 1655 563 1701; x_wconf 85' lang='lat' dir='ltr'><strong>cunr</strong></span> <span class='ocrx_word' id='word_1_69' title='bbox 585 1659 674 1720; x_wconf 85' lang='lat' dir='ltr'><strong>passa</strong></span> <span class='ocrx_word' id='word_1_70' title='bbox 697 1649 743 1702; x_wconf 89' lang='lat' dir='ltr'><strong>est</strong></span> <span class='ocrx_word' id='word_1_71' title='bbox 763 1661 877 1706; x_wconf 88' lang='lat' dir='ltr'><strong>summa</strong></span> <span class='ocrx_word' id='word_1_72' title='bbox 900 1653 1042 1724; x_wconf 90' lang='lat' dir='ltr'><strong>potestas.</strong></span> 
     </span>
     <span class='ocr_line' id='line_1_13' title="bbox 245 1748 893 1832; baseline 0.008 -24"><span class='ocrx_word' id='word_1_73' title='bbox 245 1748 318 1808; x_wconf 85' lang='lat' dir='ltr'><strong>Exin</strong></span> <span class='ocrx_word' id='word_1_74' title='bbox 341 1765 436 1828; x_wconf 83' lang='lat' dir='ltr'><strong>usque</strong></span> <span class='ocrx_word' id='word_1_75' title='bbox 458 1749 532 1810; x_wconf 87' lang='lat' dir='ltr'><strong>adeo</strong></span> <span class='ocrx_word' id='word_1_76' title='bbox 554 1758 664 1812; x_wconf 73' lang='lat' dir='ltr'><strong>munta</strong></span> <span class='ocrx_word' id='word_1_77' title='bbox 685 1771 758 1812; x_wconf 83' lang='lat' dir='ltr'><strong>voce</strong></span> <span class='ocrx_word' id='word_1_78' title='bbox 780 1753 893 1832; x_wconf 88' lang='lat' dir='ltr'><strong>prolarl</strong></span> 
     </span>
     <span class='ocr_line' id='line_1_14' title="bbox 202 1856 1047 1939; baseline 0.008 -21"><span class='ocrx_word' id='word_1_79' title='bbox 202 1856 322 1930; x_wconf 84' lang='lat' dir='ltr'><strong>Institit,</strong></span> <span class='ocrx_word' id='word_1_80' title='bbox 346 1865 379 1918; x_wconf 94' lang='lat' dir='ltr'><strong>ut</strong></span> <span class='ocrx_word' id='word_1_81' title='bbox 400 1875 550 1937; x_wconf 88' lang='lat' dir='ltr'><strong>nunquam</strong></span> <span class='ocrx_word' id='word_1_82' title='bbox 573 1860 747 1939; x_wconf 80' lang='lat' dir='ltr'><strong>adspectum</strong></span> <span class='ocrx_word' id='word_1_83' title='bbox 770 1863 948 1925; x_wconf 87' lang='lat' dir='ltr'><strong>converterit</strong></span> <span class='ocrx_word' id='word_1_84' title='bbox 970 1864 1047 1925; x_wconf 88' lang='lat' dir='ltr'><strong>oris:</strong></span> 
     </span>
     <span class='ocr_line' id='line_1_15' title="bbox 204 1966 957 2048; baseline 0.008 -20"><span class='ocrx_word' id='word_1_85' title='bbox 204 1966 314 2028; x_wconf 81' lang='lat' dir='ltr'><strong>Christi</strong></span> <span class='ocrx_word' id='word_1_86' title='bbox 337 1986 449 2048; x_wconf 87' lang='lat' dir='ltr'><strong>sponsa</strong></span> <span class='ocrx_word' id='word_1_87' title='bbox 470 1987 537 2030; x_wconf 90' lang='lat' dir='ltr'><strong>meo</strong></span> <span class='ocrx_word' id='word_1_88' title='bbox 558 1986 618 2030; x_wconf 91' lang='lat' dir='ltr'><strong>nnn</strong></span> <span class='ocrx_word' id='word_1_89' title='bbox 641 1978 688 2030; x_wconf 90' lang='lat' dir='ltr'><strong>est</strong></span> <span class='ocrx_word' id='word_1_90' title='bbox 708 1970 818 2031; x_wconf 87' lang='lat' dir='ltr'><strong>nutrita</strong></span> <span class='ocrx_word' id='word_1_91' title='bbox 841 1989 957 2045; x_wconf 89' lang='lat' dir='ltr'><strong>cruore,</strong></span> 
     </span>
     <span class='ocr_line' id='line_1_16' title="bbox 154 2077 997 2157; baseline 0.006 -19"><span class='ocrx_word' id='word_1_92' title='bbox 154 2091 187 2144; x_wconf 72' lang='lat' dir='ltr'><strong>aa</strong></span> <span class='ocrx_word' id='word_1_93' title='bbox 204 2077 300 2156; x_wconf 78' lang='lat' dir='ltr'><strong>Atque</strong></span> <span class='ocrx_word' id='word_1_94' title='bbox 323 2077 389 2138; x_wconf 87' lang='lat' dir='ltr'><strong>Lnn</strong></span> <span class='ocrx_word' id='word_1_95' title='bbox 413 2085 442 2138; x_wconf 92' lang='lat' dir='ltr'><strong>et</strong></span> <span class='ocrx_word' id='word_1_96' title='bbox 464 2077 567 2152; x_wconf 83' lang='lat' dir='ltr'><strong>Cunrr,</strong></span> <span class='ocrx_word' id='word_1_97' title='bbox 590 2079 706 2157; x_wconf 88' lang='lat' dir='ltr'><strong>prolato</strong></span> <span class='ocrx_word' id='word_1_98' title='bbox 728 2089 762 2141; x_wconf 92' lang='lat' dir='ltr'><strong>ut</strong></span> <span class='ocrx_word' id='word_1_99' title='bbox 781 2091 887 2142; x_wconf 82' lang='lat' dir='ltr'><strong>veneat</strong></span> <span class='ocrx_word' id='word_1_100' title='bbox 907 2101 997 2156; x_wconf 87' lang='lat' dir='ltr'><strong>anro;</strong></span> 
     </span>
     <span class='ocr_line' id='line_1_17' title="bbox 203 2186 1032 2270; baseline 0.005 -22"><span class='ocrx_word' id='word_1_101' title='bbox 203 2186 241 2248; x_wconf 79' lang='lat' dir='ltr'><strong>lt</strong></span> <span class='ocrx_word' id='word_1_102' title='bbox 262 2186 352 2247; x_wconf 84' lang='lat' dir='ltr'><strong>vitam</strong></span> <span class='ocrx_word' id='word_1_103' title='bbox 374 2187 451 2248; x_wconf 89' lang='lat' dir='ltr'><strong>hanc</strong></span> <span class='ocrx_word' id='word_1_104' title='bbox 471 2189 550 2267; x_wconf 90' lang='lat' dir='ltr'><strong>pacti</strong></span> <span class='ocrx_word' id='word_1_105' title='bbox 573 2188 679 2250; x_wconf 89' lang='lat' dir='ltr'><strong>laetam</strong></span> <span class='ocrx_word' id='word_1_106' title='bbox 702 2190 870 2270; x_wconf 81' lang='lat' dir='ltr'><strong>errusque</strong></span> <span class='ocrx_word' id='word_1_107' title='bbox 891 2191 1032 2270; x_wconf 79' lang='lat' dir='ltr'><strong>Plusque,</strong></span> 
     </span>
     <span class='ocr_line' id='line_1_18' title="bbox 203 2295 988 2376; baseline 0.005 -18"><span class='ocrx_word' id='word_1_108' title='bbox 203 2295 240 2358; x_wconf 84' lang='lat' dir='ltr'><strong>Et</strong></span> <span class='ocrx_word' id='word_1_109' title='bbox 262 2304 332 2376; x_wconf 91' lang='lat' dir='ltr'><strong>post</strong></span> <span class='ocrx_word' id='word_1_110' title='bbox 354 2295 504 2358; x_wconf 77' lang='lat' dir='ltr'><strong>Cranaen</strong></span> <span class='ocrx_word' id='word_1_111' title='bbox 526 2297 671 2372; x_wconf 77' lang='lat' dir='ltr'><strong>Uaramus,</strong></span> <span class='ocrx_word' id='word_1_112' title='bbox 695 2316 762 2361; x_wconf 83' lang='lat' dir='ltr'><strong>cunr</strong></span> <span class='ocrx_word' id='word_1_113' title='bbox 783 2300 894 2362; x_wconf 88' lang='lat' dir='ltr'><strong>lumina</strong></span> <span class='ocrx_word' id='word_1_114' title='bbox 916 2301 988 2362; x_wconf 92' lang='lat' dir='ltr'><strong>lletu</strong></span> 
     </span>
     <span class='ocr_line' id='line_1_19' title="bbox 203 2405 950 2479; baseline 0.005 -11"><span class='ocrx_word' id='word_1_115' title='bbox 203 2405 367 2468; x_wconf 77' lang='lat' dir='ltr'><strong>iterassent</strong></span> <span class='ocrx_word' id='word_1_116' title='bbox 388 2407 489 2479; x_wconf 87' lang='lat' dir='ltr'><strong>multo,</strong></span> <span class='ocrx_word' id='word_1_117' title='bbox 512 2427 628 2470; x_wconf 89' lang='lat' dir='ltr'><strong>sacrum</strong></span> <span class='ocrx_word' id='word_1_118' title='bbox 651 2409 782 2472; x_wconf 85' lang='lat' dir='ltr'><strong>alludere</strong></span> <span class='ocrx_word' id='word_1_119' title='bbox 805 2428 950 2474; x_wconf 88' lang='lat' dir='ltr'><strong>cruorem.</strong></span> 
     </span>
     <span class='ocr_line' id='line_1_20' title="bbox 204 2515 1090 2592; baseline 0.009 -17"><span class='ocrx_word' id='word_1_120' title='bbox 204 2515 271 2576; x_wconf 89' lang='lat' dir='ltr'><strong>Non</strong></span> <span class='ocrx_word' id='word_1_121' title='bbox 294 2515 351 2576; x_wconf 90' lang='lat' dir='ltr'><strong>luit</strong></span> <span class='ocrx_word' id='word_1_122' title='bbox 372 2515 428 2576; x_wconf 85' lang='lat' dir='ltr'><strong>iste</strong></span> <span class='ocrx_word' id='word_1_123' title='bbox 451 2516 567 2580; x_wconf 88' lang='lat' dir='ltr'><strong>animus</strong></span> <span class='ocrx_word' id='word_1_124' title='bbox 590 2517 685 2592; x_wconf 91' lang='lat' dir='ltr'><strong>nobis,</strong></span> <span class='ocrx_word' id='word_1_125' title='bbox 709 2527 742 2580; x_wconf 90' lang='lat' dir='ltr'><strong>ut</strong></span> <span class='ocrx_word' id='word_1_126' title='bbox 762 2520 862 2583; x_wconf 82' lang='lat' dir='ltr'><strong>dextra</strong></span> <span class='ocrx_word' id='word_1_127' title='bbox 885 2521 1003 2582; x_wconf 89' lang='lat' dir='ltr'><strong>sederet</strong></span> <span class='ocrx_word' id='word_1_128' title='bbox 1084 2535 1090 2548; x_wconf 86' lang='lat'><strong>·</strong></span> 
     </span>
     <span class='ocr_line' id='line_1_21' title="bbox 155 2625 1034 2707; baseline 0.005 -21"><span class='ocrx_word' id='word_1_129' title='bbox 155 2639 189 2692; x_wconf 83' lang='lat' dir='ltr'><strong>tc</strong></span> <span class='ocrx_word' id='word_1_130' title='bbox 205 2625 249 2687; x_wconf 81' lang='lat' dir='ltr'><strong>ld</strong></span> <span class='ocrx_word' id='word_1_131' title='bbox 270 2625 348 2686; x_wconf 90' lang='lat' dir='ltr'><strong>latus</strong></span> <span class='ocrx_word' id='word_1_132' title='bbox 371 2625 498 2698; x_wconf 90' lang='lat' dir='ltr'><strong>illorum,</strong></span> <span class='ocrx_word' id='word_1_133' title='bbox 522 2627 630 2707; x_wconf 85' lang='lat' dir='ltr'><strong>quitus</strong></span> <span class='ocrx_word' id='word_1_134' title='bbox 653 2636 700 2690; x_wconf 83' lang='lat' dir='ltr'><strong>est</strong></span> <span class='ocrx_word' id='word_1_135' title='bbox 720 2630 882 2691; x_wconf 80' lang='lat' dir='ltr'><strong>succedere</strong></span> <span class='ocrx_word' id='word_1_136' title='bbox 903 2638 1034 2691; x_wconf 87' lang='lat' dir='ltr'><strong>nostram</strong></span> 
     </span>
     <span class='ocr_line' id='line_1_22' title="bbox 204 2734 1044 2816; baseline 0.004 -19"><span class='ocrx_word' id='word_1_137' title='bbox 204 2735 238 2797; x_wconf 93' lang='lat' dir='ltr'><strong>ln</strong></span> <span class='ocrx_word' id='word_1_138' title='bbox 262 2734 374 2807; x_wconf 85' lang='lat' dir='ltr'><strong>sedern,</strong></span> <span class='ocrx_word' id='word_1_139' title='bbox 398 2735 488 2798; x_wconf 87' lang='lat' dir='ltr'><strong>altera</strong></span> <span class='ocrx_word' id='word_1_140' title='bbox 511 2735 710 2798; x_wconf 78' lang='lat' dir='ltr'><strong>Christianum</strong></span> <span class='ocrx_word' id='word_1_141' title='bbox 732 2757 810 2816; x_wconf 86' lang='lat' dir='ltr'><strong>pars,</strong></span> <span class='ocrx_word' id='word_1_142' title='bbox 834 2738 925 2800; x_wconf 87' lang='lat' dir='ltr'><strong>altera</strong></span> <span class='ocrx_word' id='word_1_143' title='bbox 948 2739 1044 2802; x_wconf 83' lang='lat' dir='ltr'><strong>laevo:</strong></span> 
     </span>
     <span class='ocr_line' id='line_1_23' title="bbox 204 2845 975 2912; baseline 0.006 -6"><span class='ocrx_word' id='word_1_144' title='bbox 204 2845 271 2907; x_wconf 91' lang='lat' dir='ltr'><strong>Non</strong></span> <span class='ocrx_word' id='word_1_145' title='bbox 294 2857 327 2906; x_wconf 96' lang='lat' dir='ltr'><strong>ut</strong></span> <span class='ocrx_word' id='word_1_146' title='bbox 348 2861 510 2906; x_wconf 85' lang='lat' dir='ltr'><strong>concessae</strong></span> <span class='ocrx_word' id='word_1_147' title='bbox 532 2845 628 2907; x_wconf 87' lang='lat' dir='ltr'><strong>claves</strong></span> <span class='ocrx_word' id='word_1_148' title='bbox 650 2847 723 2908; x_wconf 88' lang='lat' dir='ltr'><strong>milri</strong></span> <span class='ocrx_word' id='word_1_149' title='bbox 745 2847 850 2910; x_wconf 90' lang='lat' dir='ltr'><strong>bellica</strong></span> <span class='ocrx_word' id='word_1_150' title='bbox 871 2867 975 2912; x_wconf 88' lang='lat' dir='ltr'><strong>versae</strong></span> 
     </span>
     <span class='ocr_line' id='line_1_24' title="bbox 204 2955 910 3032; baseline 0.003 -14"><span class='ocrx_word' id='word_1_151' title='bbox 204 2955 239 3018; x_wconf 95' lang='lat' dir='ltr'><strong>ln</strong></span> <span class='ocrx_word' id='word_1_152' title='bbox 262 2955 346 3032; x_wconf 79' lang='lat' dir='ltr'><strong>signa</strong></span> <span class='ocrx_word' id='word_1_153' title='bbox 368 2963 509 3032; x_wconf 81' lang='lat' dir='ltr'><strong>urgerent</strong></span> <span class='ocrx_word' id='word_1_154' title='bbox 531 2963 644 3018; x_wconf 88' lang='lat' dir='ltr'><strong>sacrato</strong></span> <span class='ocrx_word' id='word_1_155' title='bbox 669 2957 749 3020; x_wconf 87' lang='lat' dir='ltr'><strong>lonte</strong></span> <span class='ocrx_word' id='word_1_156' title='bbox 769 2967 910 3032; x_wconf 78' lang='lat' dir='ltr'><strong>renatos3</strong></span> 
     </span>
     <span class='ocr_line' id='line_1_25' title="bbox 205 3064 982 3147; baseline 0.004 -22"><span class='ocrx_word' id='word_1_157' title='bbox 205 3065 314 3126; x_wconf 84' lang='lat' dir='ltr'><strong>Nostra</strong></span> <span class='ocrx_word' id='word_1_158' title='bbox 337 3082 393 3126; x_wconf 87' lang='lat' dir='ltr'><strong>nec</strong></span> <span class='ocrx_word' id='word_1_159' title='bbox 416 3064 531 3142; x_wconf 79' lang='lat' dir='ltr'><strong>efligies</strong></span> <span class='ocrx_word' id='word_1_160' title='bbox 551 3065 636 3128; x_wconf 87' lang='lat' dir='ltr'><strong>lieret</strong></span> <span class='ocrx_word' id='word_1_161' title='bbox 657 3085 771 3144; x_wconf 81' lang='lat' dir='ltr'><strong>gemina</strong></span> <span class='ocrx_word' id='word_1_162' title='bbox 794 3077 861 3147; x_wconf 89' lang='lat' dir='ltr'><strong>apta</strong></span> <span class='ocrx_word' id='word_1_163' title='bbox 884 3068 982 3146; x_wconf 81' lang='lat' dir='ltr'><strong>sigillo</strong></span> 
     </span>
     <span class='ocr_line' id='line_1_26' title="bbox 156 3172 1014 3254; baseline 0.002 -19"><span class='ocrx_word' id='word_1_164' title='bbox 156 3181 189 3235; x_wconf 79' lang='grc'><strong>45</strong></span> <span class='ocrx_word' id='word_1_165' title='bbox 207 3174 250 3236; x_wconf 78' lang='lat' dir='ltr'><strong>dd</strong></span> <span class='ocrx_word' id='word_1_166' title='bbox 273 3173 373 3254; x_wconf 91' lang='lat' dir='ltr'><strong>privas</strong></span> <span class='ocrx_word' id='word_1_167' title='bbox 395 3172 487 3251; x_wconf 85' lang='lat' dir='ltr'><strong>leges,</strong></span> <span class='ocrx_word' id='word_1_168' title='bbox 510 3195 584 3254; x_wconf 84' lang='lat' dir='ltr'><strong>quas</strong></span> <span class='ocrx_word' id='word_1_169' title='bbox 607 3175 698 3237; x_wconf 88' lang='lat' dir='ltr'><strong>lalsas</strong></span> <span class='ocrx_word' id='word_1_170' title='bbox 719 3177 847 3239; x_wconf 87' lang='lat' dir='ltr'><strong>rendere</strong></span> <span class='ocrx_word' id='word_1_171' title='bbox 870 3197 937 3238; x_wconf 86' lang='lat' dir='ltr'><strong>moa</strong></span> <span class='ocrx_word' id='word_1_172' title='bbox 960 3187 1014 3250; x_wconf 91' lang='lat' dir='ltr'><strong>est,</strong></span> 
     </span>
     <span class='ocr_line' id='line_1_27' title="bbox 207 3285 1130 3366; baseline 0.003 -21"><span class='ocrx_word' id='word_1_173' title='bbox 207 3285 289 3357; x_wconf 82' lang='lat' dir='ltr'><strong>Quas</strong></span> <span class='ocrx_word' id='word_1_174' title='bbox 311 3291 435 3363; x_wconf 88' lang='lat' dir='ltr'><strong>propter</strong></span> <span class='ocrx_word' id='word_1_175' title='bbox 456 3285 559 3358; x_wconf 80' lang='lat' dir='ltr'><strong>rubeo,</strong></span> <span class='ocrx_word' id='word_1_176' title='bbox 581 3293 669 3364; x_wconf 88' lang='lat' dir='ltr'><strong>atque</strong></span> <span class='ocrx_word' id='word_1_177' title='bbox 692 3285 770 3347; x_wconf 89' lang='lat' dir='ltr'><strong>oculi</strong></span> <span class='ocrx_word' id='word_1_178' title='bbox 792 3305 928 3348; x_wconf 86' lang='lat' dir='ltr'><strong>exarsere</strong></span> <span class='ocrx_word' id='word_1_179' title='bbox 950 3288 1130 3366; x_wconf 82' lang='lat' dir='ltr'><strong>frequenter.</strong></span> 
     </span>
     <span class='ocr_line' id='line_1_28' title="bbox 205 3395 929 3476; baseline -0.006 -14"><span class='ocrx_word' id='word_1_180' title='bbox 205 3401 283 3464; x_wconf 87' lang='lat' dir='ltr'><strong>llinc</strong></span> <span class='ocrx_word' id='word_1_181' title='bbox 304 3420 338 3462; x_wconf 88' lang='lat' dir='ltr'><strong>se</strong></span> <span class='ocrx_word' id='word_1_182' title='bbox 360 3395 496 3462; x_wconf 87' lang='lat' dir='ltr'><strong>mendaci</strong></span> <span class='ocrx_word' id='word_1_183' title='bbox 518 3403 669 3476; x_wconf 87' lang='lat' dir='ltr'><strong>pastorum</strong></span> <span class='ocrx_word' id='word_1_184' title='bbox 691 3403 773 3458; x_wconf 89' lang='lat' dir='ltr'><strong>veste</strong></span> <span class='ocrx_word' id='word_1_185' title='bbox 795 3404 929 3474; x_wconf 83' lang='lat' dir='ltr'><strong>tegentes</strong></span> 
     </span>
     <span class='ocr_line' id='line_1_29' title="bbox 206 3506 1017 3590; baseline -0.007 -18"><span class='ocrx_word' id='word_1_186' title='bbox 206 3512 260 3573; x_wconf 85' lang='lat' dir='ltr'><strong>Est</strong></span> <span class='ocrx_word' id='word_1_187' title='bbox 281 3519 417 3590; x_wconf 88' lang='lat' dir='ltr'><strong>spectare</strong></span> <span class='ocrx_word' id='word_1_188' title='bbox 439 3506 526 3586; x_wconf 87' lang='lat' dir='ltr'><strong>lupos</strong></span> <span class='ocrx_word' id='word_1_189' title='bbox 548 3524 603 3585; x_wconf 92' lang='lat' dir='ltr'><strong>per</strong></span> <span class='ocrx_word' id='word_1_190' title='bbox 623 3523 734 3584; x_wconf 88' lang='lat' dir='ltr'><strong>pascua</strong></span> <span class='ocrx_word' id='word_1_191' title='bbox 757 3515 862 3568; x_wconf 74' lang='lat' dir='ltr'><strong>carecta</strong></span> <span class='ocrx_word' id='word_1_192' title='bbox 882 3525 1017 3586; x_wconf 85' lang='lat' dir='ltr'><strong>rapaces.</strong></span> 
     </span>
     <span class='ocr_line' id='line_1_30' title="bbox 251 3613 1070 3696; baseline -0.006 -14"><span class='ocrx_word' id='word_1_193' title='bbox 251 3619 275 3682; x_wconf 93' lang='lat'>0</span> <span class='ocrx_word' id='word_1_194' title='bbox 298 3620 389 3682; x_wconf 86' lang='lat' dir='ltr'><strong>tutela</strong></span> <span class='ocrx_word' id='word_1_195' title='bbox 411 3619 474 3691; x_wconf 87' lang='lat' dir='ltr'><strong>llei,</strong></span> <span class='ocrx_word' id='word_1_196' title='bbox 496 3615 634 3696; x_wconf 84' lang='lat' dir='ltr'><strong>quianam</strong></span> <span class='ocrx_word' id='word_1_197' title='bbox 656 3615 714 3676; x_wconf 90' lang='lat' dir='ltr'><strong>hoc</strong></span> <span class='ocrx_word' id='word_1_198' title='bbox 736 3614 766 3676; x_wconf 92' lang='lat' dir='ltr'><strong>in</strong></span> <span class='ocrx_word' id='word_1_199' title='bbox 788 3624 923 3694; x_wconf 87' lang='lat' dir='ltr'><strong>ternpore</strong></span> <span class='ocrx_word' id='word_1_200' title='bbox 945 3613 1070 3677; x_wconf 81' lang='lat' dir='ltr'><strong>cessas?</strong></span> 
     </span>
     <span class='ocr_line' id='line_1_31' title="bbox 158 3724 993 3810; baseline -0.008 -16"><span class='ocrx_word' id='word_1_201' title='bbox 158 3745 191 3800; x_wconf 78' lang='lat' dir='ltr'><strong>an</strong></span> <span class='ocrx_word' id='word_1_202' title='bbox 206 3731 331 3810; x_wconf 87' lang='lat' dir='ltr'><strong>Jamque</strong></span> <span class='ocrx_word' id='word_1_203' title='bbox 354 3728 498 3800; x_wconf 78' lang='lat' dir='ltr'><strong>Caorslni,</strong></span> <span class='ocrx_word' id='word_1_204' title='bbox 517 3725 576 3806; x_wconf 88' lang='lat' dir='ltr'><strong>jam</strong></span> <span class='ocrx_word' id='word_1_205' title='bbox 600 3733 703 3786; x_wconf 91' lang='lat' dir='ltr'><strong>nostro</strong></span> <span class='ocrx_word' id='word_1_206' title='bbox 725 3724 875 3786; x_wconf 87' lang='lat' dir='ltr'><strong>Vascones</strong></span> <span class='ocrx_word' id='word_1_207' title='bbox 896 3745 993 3788; x_wconf 86' lang='lat' dir='ltr'><strong>aerem</strong></span> 
     </span>
     <span class='ocr_line' id='line_1_32' title="bbox 206 3833 1133 3919; baseline -0.005 -16"><span class='ocrx_word' id='word_1_208' title='bbox 206 3841 358 3919; x_wconf 82' lang='lat' dir='ltr'><strong>Sanguine</strong></span> <span class='ocrx_word' id='word_1_209' title='bbox 382 3847 468 3902; x_wconf 76' lang='lat' dir='ltr'><strong>ararat</strong></span> <span class='ocrx_word' id='word_1_210' title='bbox 490 3836 598 3898; x_wconf 87' lang='lat' dir='ltr'><strong>satiare</strong></span> <span class='ocrx_word' id='word_1_211' title='bbox 621 3833 711 3896; x_wconf 91' lang='lat' dir='ltr'><strong>sitim.</strong></span> <span class='ocrx_word' id='word_1_212' title='bbox 756 3834 969 3898; x_wconf 67' lang='lat' dir='ltr'><strong>nranimento</strong></span> <span class='ocrx_word' id='word_1_213' title='bbox 993 3839 1133 3906; x_wconf 85' lang='lat' dir='ltr'><strong>secunda.</strong></span> 
     </span>
     <span class='ocr_line' id='line_1_33' title="bbox 207 3943 1011 4025; baseline -0.007 -12"><span class='ocrx_word' id='word_1_214' title='bbox 207 3951 341 4013; x_wconf 86' lang='lat' dir='ltr'><strong>llucciue</strong></span> <span class='ocrx_word' id='word_1_215' title='bbox 363 3943 523 4012; x_wconf 77' lang='lat' dir='ltr'><strong>deciditisl</strong></span> <span class='ocrx_word' id='word_1_216' title='bbox 546 3945 605 4008; x_wconf 89' lang='lat' dir='ltr'><strong>Sed</strong></span> <span class='ocrx_word' id='word_1_217' title='bbox 628 3963 703 4025; x_wconf 86' lang='lat' dir='ltr'><strong>quae</strong></span> <span class='ocrx_word' id='word_1_218' title='bbox 726 3945 878 4024; x_wconf 90' lang='lat' dir='ltr'><strong>Sapientia</strong></span> <span class='ocrx_word' id='word_1_219' title='bbox 900 3945 1011 4008; x_wconf 86' lang='lat' dir='ltr'><strong>Rornae</strong></span> 
     </span>
     <span class='ocr_line' id='line_1_34' title="bbox 209 4055 936 4139; baseline -0.006 -18"><span class='ocrx_word' id='word_1_220' title='bbox 209 4059 359 4139; x_wconf 90' lang='lat' dir='ltr'><strong>Scipiadis</strong></span> <span class='ocrx_word' id='word_1_221' title='bbox 381 4059 481 4120; x_wconf 87' lang='lat' dir='ltr'><strong>dextra</strong></span> <span class='ocrx_word' id='word_1_222' title='bbox 503 4057 606 4119; x_wconf 89' lang='lat' dir='ltr'><strong>mnndi</strong></span> <span class='ocrx_word' id='word_1_223' title='bbox 627 4055 760 4118; x_wconf 83' lang='lat' dir='ltr'><strong>defendit</strong></span> <span class='ocrx_word' id='word_1_224' title='bbox 780 4055 936 4129; x_wconf 89' lang='lat' dir='ltr'><strong>honorem,</strong></span> 
     </span>
     <span class='ocr_line' id='line_1_35' title="bbox 211 4163 1076 4250; baseline -0.007 -18"><span class='ocrx_word' id='word_1_225' title='bbox 211 4169 466 4250; x_wconf 81' lang='lat' dir='ltr'><strong>Quamprimum,</strong></span> <span class='ocrx_word' id='word_1_226' title='bbox 489 4176 520 4229; x_wconf 91' lang='lat' dir='ltr'><strong>ut</strong></span> <span class='ocrx_word' id='word_1_227' title='bbox 543 4166 639 4238; x_wconf 86' lang='lat' dir='ltr'><strong>rideo,</strong></span> <span class='ocrx_word' id='word_1_228' title='bbox 661 4164 752 4228; x_wconf 88' lang='lat' dir='ltr'><strong>rebus</strong></span> <span class='ocrx_word' id='word_1_229' title='bbox 776 4174 929 4228; x_wconf 89' lang='lat' dir='ltr'><strong>succurret</strong></span> <span class='ocrx_word' id='word_1_230' title='bbox 950 4163 1076 4227; x_wconf 80' lang='lat' dir='ltr'><strong>acerlris.</strong></span> 
     </span>
     <span class='ocr_line' id='line_1_36' title="bbox 159 4275 956 4359; baseline -0.003 -19.229"><span class='ocrx_word' id='word_1_231' title='bbox 159 4285 193 4340; x_wconf 77' lang='lat' dir='ltr'><strong>ta</strong></span> <span class='ocrx_word' id='word_1_232' title='bbox 209 4281 246 4342; x_wconf 83' lang='lat' dir='ltr'><strong>dt</strong></span> <span class='ocrx_word' id='word_1_233' title='bbox 267 4287 309 4352; x_wconf 91' lang='lat' dir='ltr'><strong>tu,</strong></span> <span class='ocrx_word' id='word_1_234' title='bbox 333 4279 382 4358; x_wconf 89' lang='lat' dir='ltr'><strong>qui</strong></span> <span class='ocrx_word' id='word_1_235' title='bbox 404 4277 523 4359; x_wconf 88' lang='lat' dir='ltr'><strong>pondus</strong></span> <span class='ocrx_word' id='word_1_236' title='bbox 544 4284 669 4357; x_wconf 88' lang='lat' dir='ltr'><strong>propter</strong></span> <span class='ocrx_word' id='word_1_237' title='bbox 689 4275 813 4336; x_wconf 86' lang='lat' dir='ltr'><strong>mortale</strong></span> <span class='ocrx_word' id='word_1_238' title='bbox 835 4275 956 4348; x_wconf 88' lang='lat' dir='ltr'><strong>redibis,</strong></span> 
     </span>
     <span class='ocr_line' id='line_1_37' title="bbox 209 4381 1093 4468; baseline -0.011 -16"><span class='ocrx_word' id='word_1_239' title='bbox 209 4389 275 4462; x_wconf 84' lang='lat' dir='ltr'><strong>Fili,</strong></span> <span class='ocrx_word' id='word_1_240' title='bbox 298 4388 378 4464; x_wconf 91' lang='lat' dir='ltr'><strong>illuc,</strong></span> <span class='ocrx_word' id='word_1_241' title='bbox 400 4387 499 4468; x_wconf 89' lang='lat' dir='ltr'><strong>pande</strong></span> <span class='ocrx_word' id='word_1_242' title='bbox 521 4405 565 4460; x_wconf 88' lang='lat' dir='ltr'><strong>os,</strong></span> <span class='ocrx_word' id='word_1_243' title='bbox 589 4404 724 4465; x_wconf 86' lang='lat' dir='ltr'><strong>quaeque</strong></span> <span class='ocrx_word' id='word_1_244' title='bbox 746 4383 824 4445; x_wconf 86' lang='lat' dir='ltr'><strong>haud</strong></span> <span class='ocrx_word' id='word_1_245' title='bbox 846 4383 969 4447; x_wconf 88' lang='lat' dir='ltr'><strong>celanda</strong></span> <span class='ocrx_word' id='word_1_246' title='bbox 990 4381 1093 4456; x_wconf 82' lang='lat' dir='ltr'><strong>retexi,</strong></span> 
     </span>
    </p>
   </div>
   <div class='ocr_carea' id='block_1_5' title="bbox 94 4548 111 4588">
    <p class='ocr_par' dir='ltr' id='par_1_5' title="bbox 94 4548 111 4588">
     <span class='ocr_line' id='line_1_38' title="bbox 94 4548 111 4588; baseline 0 0"><span class='ocrx_word' id='word_1_247' title='bbox 94 4548 111 4588; x_wconf 68' lang='lat' dir='ltr'><strong>l</strong></span> 
     </span>
    </p>
   </div>
   <div class='ocr_carea' id='block_1_6' title="bbox 115 4585 1326 4600">
    <p class='ocr_par' dir='ltr' id='par_1_6' title="bbox 115 4585 1326 4600">
     <span class='ocr_line' id='line_1_39' title="bbox 115 4585 1326 4600; baseline -0.001 -4"><span class='ocrx_word' id='word_1_248' title='bbox 115 4585 601 4600; x_wconf 60' lang='lat' dir='ltr'>*m—-nae--n</span> <span class='ocrx_word' id='word_1_249' title='bbox 611 4585 1165 4598; x_wconf 54' lang='grc' dir='ltr'><strong>-η-,ι-ι--ι--ι--ι-ι--ι--κ</strong></span> <span class='ocrx_word' id='word_1_250' title='bbox 1193 4589 1235 4595; x_wconf 80' lang='lat'><strong>---</strong></span> <span class='ocrx_word' id='word_1_251' title='bbox 1283 4589 1293 4594; x_wconf 94' lang='lat'>-</span> <span class='ocrx_word' id='word_1_252' title='bbox 1302 4587 1326 4595; x_wconf 76' lang='lat'><strong>.-</strong></span> 
     </span>
    </p>
   </div>
   <div class='ocr_carea' id='block_1_7' title="bbox 0 0 1588 5164">
    <p class='ocr_par' dir='ltr' id='par_1_7' title="bbox 0 0 1588 5164">
     <span class='ocr_line' id='line_1_40' title="bbox 0 0 1588 5164; baseline 0 0"><span class='ocrx_word' id='word_1_253' title='bbox 0 0 1588 5164; x_wconf 95' lang='lat' dir='ltr'><strong> </strong></span> 
     </span>
    </p>
   </div>
  </div>
 </body>
</html>
