3124 5170
69 411 73 501 i
380 533 384 540 Ι
540 463 733 515 ttttttttnotttttt
751 465 817 516 tvtt.
1201 465 1240 526 65
1293 411 1297 571 ι

67 567 72 827 ἶ
177 681 326 744 lldrersus
349 683 499 756 llammas,
522 682 718 763 telluremque
740 683 807 762 igne
830 696 997 763 perustamg

68 836 71 899 Ι
130 797 161 850 ts
176 791 242 854 lion
264 811 353 855 secus
375 801 464 872 atque
486 800 599 856 aestate
619 811 709 854 canes
731 793 913 856 contendere
934 801 1037 855 centra

68 902 71 1031 i
176 901 213 962 ttt
233 901 310 963 rictu
331 910 361 964 et
382 901 510 982 pedibus
532 903 680 976 nituntur,
702 902 753 964 ubi
775 921 882 983 aspera
904 921 1006 964 morsu

68 1040 71 1107 i
174 1012 232 1072 dut
254 1010 361 1084 talam,
384 1020 436 1073 aut
455 1011 586 1091 pulices,
609 1021 660 1073 aut
680 1029 801 1073 muscae
823 1011 945 1073 vulnera
965 1014 1068 1091 ligant.

68 1157 71 1191 2
174 1120 269 1200 utque
291 1119 342 1181 ubi
365 1121 551 1200 quorundam
574 1121 706 1201 quaesivi
728 1121 840 1183 lumine
860 1121 981 1192 vultum,

67 1224 71 1307 l
176 1229 259 1302 Quos
282 1249 372 1310 supra
395 1230 476 1291 cadit
496 1231 575 1309 ignis
598 1239 695 1304 atrox,
719 1248 774 1308 ego
797 1249 923 1293 noscere
945 1249 1122 1311 quemquam

68 1342 70 1409 ξ
129 1337 259 1400 bolland
281 1338 382 1419 potui3
405 1347 435 1400 at
455 1359 557 1420 peram
581 1357 597 1400 e
620 1339 697 1402 collo
720 1339 865 1419 cujusque
887 1338 1022 1402 videbam

68 1414 71 1525 ἶ
172 1447 373 1522 Pendentem,
395 1455 485 1529 atque
507 1449 626 1512 inerant
647 1465 736 1529 perae
759 1457 822 1510 reta
844 1449 928 1528 signa
950 1450 1093 1530 colorque

68 1534 71 1628 J
174 1556 296 1630 Certus,
319 1567 350 1621 et
371 1559 441 1620 binc
464 1560 567 1621 oculos
590 1568 659 1620 sunt
680 1558 735 1620 visi
757 1575 881 1638 pascere
902 1559 1031 1623 hiantes.

69 1650 71 1665 ¹
174 1667 270 1747 thue
293 1685 347 1746 ego
370 1668 560 1749 perspiciens
583 1667 713 1740 accessi,
736 1668 848 1746 fulgere
870 1670 946 1731 llavo

173 1777 207 1838 ln
230 1776 329 1838 loculo
352 1777 411 1839 vidi
434 1779 576 1857 glastum,
600 1795 635 1838 os
656 1777 849 1857 habitumque
870 1778 967 1840 leonis

127 1899 158 1953 55
172 1885 345 1966 Edingens3
368 1887 523 1968 oculisque
544 1887 620 1949 meis
643 1905 709 1950 cum
732 1886 850 1965 longius
872 1887 956 1960 irem,

70 1972 74 2053 ἶ
172 1995 274 2058 Altera
296 1997 358 2058 risa
381 1997 531 2060 totamm
553 2015 624 2077 pera
646 1997 802 2059 rubentior
821 1997 889 2076 ipso

173 2105 339 2184 Sanguine,
363 2125 451 2186 quam
473 2106 572 2185 signat
592 2124 698 2186 presso
720 2107 798 2169 lactc
820 2106 917 2168 albior
937 2123 1035 2168 anser.

213 2218 269 2277 Ast
291 2235 380 2290 nnus,
403 2216 525 2295 glaucae
547 2223 577 2278 et
597 2235 722 2295 magnae
744 2216 806 2277 suis
828 2215 928 2278 indice
950 2215 1037 2293 signo

172 2325 330 2387 bibentem
351 2325 481 2387 loculum
503 2325 561 2388 sibi
585 2326 635 2405 qui
658 2325 847 2398 distinxerat,
870 2325 985 2404 iuquit:

127 2445 157 2497 tu
173 2433 235 2497 llac
258 2442 290 2496 tu
312 2435 383 2514 quid
406 2434 481 2497 lacis
505 2434 534 2495 in
558 2431 662 2497 losse?
683 2436 748 2497 lam
771 2435 841 2496 binc
863 2435 985 2516 proripe
1008 2451 1151 2514 gressum.

69 2574 70 2587 κ
173 2544 373 2624 aequoniam
396 2555 428 2606 tu
449 2543 524 2605 viris
546 2545 658 2617 adbuc,
681 2552 710 2606 te
733 2544 810 2606 scire
829 2545 950 2625 jubebo,

68 2696 70 2707 ·
173 2654 210 2716 Ut
230 2655 397 2715 Vtrasmus
419 2653 494 2715 mibi
515 2645 671 2734 proximus
691 2673 785 2734 usque
807 2653 925 2716 sedebit

67 2772 70 2853 ζ
172 2763 228 2826 llio
249 2763 344 2826 latere
366 2781 383 2824 a
404 2763 487 2825 laevo
509 2781 636 2825 mecum.
681 2764 754 2826 Cum
776 2763 890 2824 civibus
911 2763 981 2824 Arni

67 2946 69 2959 Ι
173 2873 241 2954 lpse
263 2875 474 2934 burenoarues
495 2891 618 2946 maneo,
642 2873 715 2934 mibi
737 2891 828 2954 saepe
850 2891 959 2934 sonora

126 2990 157 3044 tt
174 2981 231 3056 Qui
254 3001 329 3044 voce
351 2991 381 3044 et
401 2983 517 3060 magnis
539 2982 667 3045 madunt
688 2981 869 3044 clamoribus
891 3001 987 3056 aures,

66 3166 68 3177 ,
172 3095 313 3156 Summus
334 3111 427 3173 eques
446 3092 563 3167 veniat,
586 3093 656 3154 dmu
678 3091 795 3164 dicunt,
819 3092 868 3171 qui
892 3091 947 3153 tria
969 3099 1066 3154 rostra

66 3200 67 3223 ¹
170 3203 283 3264 Alleret
304 3202 334 3262 in
356 3201 465 3264 loculo.
508 3203 603 3283 Atque
625 3201 675 3263 bic
697 3220 731 3262 os
753 3201 902 3273 distorsit,
925 3209 956 3262 et
976 3209 1056 3263 extra

65 3352 67 3363 ·
171 3311 315 3374 Proderit
335 3311 483 3391 linguam,
505 3319 538 3373 ut
559 3311 615 3373 bos
637 3311 737 3374 nitens
758 3310 889 3373 lambere
911 3329 1026 3374 nasum.

212 3421 297 3483 Tunc
319 3439 374 3501 ego
396 3428 624 3501 praemetuens,
646 3439 728 3482 mora
752 3439 789 3482 ne
811 3419 979 3482 diuturnior
1000 3420 1083 3482 illurn

65 3515 67 3587 ἷ
124 3545 155 3596 to
170 3531 333 3604 laederet,
355 3530 495 3594 brevibus
518 3531 568 3611 qul
590 3549 638 3592 me
660 3529 849 3592 sermonibus
871 3530 914 3591 uti

169 3642 318 3714 iusserat,
342 3659 359 3701 a
381 3639 470 3703 lassis
492 3649 572 3703 retro
593 3639 717 3718 vestigia
740 3641 808 3702 llexi

169 3751 303 3824 Umbris,
327 3750 486 3831 iuvenique
508 3752 629 3825 ducem,
652 3751 705 3830 qui
728 3750 903 3812 ascenderat
923 3757 1005 3812 atrae

171 3859 268 3939 Terga
290 3861 387 3932 ierac,
411 3859 561 3941 dixitque:
585 3858 668 3939 Opus
689 3860 818 3940 estjam
840 3865 962 3939 pectore
983 3860 1077 3930 tinne,

169 3969 225 4031 llis
247 3970 359 4032 etenim
381 3969 471 4032 scalis
493 3987 549 4032 nos
571 3985 651 4030 nunc
673 3967 866 4030 descendere·
880 3979 1009 4047 eportet.

63 4140 65 4159 ,
122 4079 321 4144 indecentiae
342 4097 416 4159 prae
437 4098 502 4154 me3
524 4077 641 4142 medius
663 4075 822 4140 considere
845 4078 933 4152 crevi,

168 4187 296 4250 Verbere
317 4207 356 4250 ne
376 4189 476 4268 possit
495 4197 525 4251 te
547 4188 673 4250 monstri
695 4188 813 4250 laedere
836 4188 939 4249 cauda.

167 4297 202 4358 Ut
225 4305 300 4370 stat,
323 4306 485 4378 quartanae
507 4299 555 4360 cni
578 4299 704 4378 frigidus
724 4298 862 4360 imminet
882 4297 998 4368 bonor,

166 4407 317 4470 Pallentes
338 4415 460 4487 gestans
481 4427 610 4488 ungnes,
634 4408 831 4488 quatiensque
852 4415 981 4468 tremore

1292 1468 1296 1589 t

1283 4050 1287 4223 l

62 4474 1286 4622 ᾖ-ῌ-,ΛΛ
