3124 5170
570 481 763 531 turuououult
780 481 855 532 XXVl.

209 699 260 761 Sic
282 699 393 760 clausis
415 699 500 761 licuit
522 699 595 773 lobi,
619 700 691 780 quin
713 719 766 761 ore
787 710 920 762 notorem

208 808 298 870 l'occr
322 809 464 881 Derieis,
488 829 574 890 quem
597 809 658 870 vidi
680 811 717 873 do
739 809 835 872 tribus
857 827 956 881 uuum,

149 931 192 982 1³5
210 918 267 991 Qui
289 937 397 980 venere
420 919 521 999 prius,
545 919 676 980 nondum
698 928 830 980 mutasse
851 919 983 997 figurem.
1087 927 1090 932 “
1148 907 1153 928 ’

208 1027 290 1089 Alter
311 1037 388 1099 erat,
411 1029 466 1092 tibi
489 1029 585 1091 adhuc
606 1029 703 1091 luctus
726 1029 776 1109 qui
799 1037 847 1091 est
868 1045 989 1101 caussa,
1013 1029 1151 1090 Gsvrccs.

682 1202 793 1286 xxvi.

249 1357 365 1426 Gaude,
388 1364 449 1418 um
470 1373 608 1436 magnum
631 1357 710 1438 quod
733 1357 841 1427 hebes,
865 1356 1050 1428 Fnousnrri,
1073 1373 1191 1426 nomen,

207 1468 274 1540 Quo
296 1475 405 1528 terrum
427 1473 559 1528 otmaro
581 1465 755 1546 pervolitas,
779 1485 813 1528 ec
835 1465 958 1527 Tartara
981 1466 1123 1546 comples.

206 1577 338 1658 Namque
361 1589 428 1638 tuos
450 1575 529 1637 inter
550 1576 630 1638 cives
652 1593 708 1654 ego
731 1573 862 1656 quinque
884 1576 1014 1637 latrones

205 1685 307 1748 lureni
329 1687 420 1760 telos,
443 1696 476 1747 ut
496 1685 536 1746 mi
560 1685 658 1764 pudor
678 1694 805 1764 occupet
826 1703 887 1756 ore,

174 1795 263 1860 sl'or
285 1815 361 1875 quos
382 1796 413 1856 in
436 1796 575 1874 grandem
598 1813 658 1855 non
682 1793 803 1856 esttibi
827 1811 948 1872 surgere
969 1793 1124 1856 honorem.

207 1905 293 1978 Quod
317 1905 343 1966 si
366 1905 421 1966 sub
444 1906 541 1966 lucem
562 1903 686 1966 veniunt
706 1903 854 1966 insomnia
875 1921 954 1974 vore,

203 2013 270 2075 Nou
293 2013 388 2076 aberit
409 2023 543 2094 tempus,
567 2033 626 2094 quo
650 2022 680 2075 tu
702 2013 832 2094 petiero,
856 2012 936 2092 quod
957 2020 1040 2091 optet

203 2123 340 2193 Pmoun,
364 2124 472 2186 nedum
495 2123 545 2185 alii
568 2123 633 2185 tibi.
678 2123 765 2198 Quod
788 2120 813 2184 si
837 2123 913 2184 lorte
935 2121 1049 2194 suisset,

203 2233 270 2294 Non
290 2242 470 2294 maturatum
492 2251 589 2295 rerer:
613 2233 658 2294 sic
679 2233 751 2294 illud
775 2233 903 2305 adesset,

158 2357 188 2408 ltl
204 2342 452 2423 Quandoquidem
474 2351 555 2404 corto
578 2344 709 2417 eveniet3
731 2341 804 2404 milri
827 2359 954 2422 namquo
975 2341 1088 2402 doloris

203 2452 314 2514 Vulnus
337 2451 394 2513 erit
415 2452 547 2531 grovim,
571 2472 629 2532 quo
651 2452 719 2533 plus
742 2451 923 2532 processerit
945 2457 1037 2512 uetes.

245 2561 322 2623 llinc
344 2579 400 2623 nos
422 2560 619 2641 digredimur,
643 2579 759 2642 quaque
782 2569 849 2623 ente
871 2560 1015 2623 exstentis
1038 2579 1108 2623 sere

203 2671 386 2734 descensum
407 2672 565 2745 dederent,
590 2672 646 2734 dux
670 2671 760 2732 scolis
783 2689 854 2733 osus
876 2671 983 2732 iisdem

202 2781 367 2844 Ascensum
389 2780 489 2862 petiit,
512 2781 566 2843 sed
588 2799 636 2843 me
658 2790 757 2843 temen
779 2788 846 2842 ente
868 2795 1006 2860 recepto3

156 2899 187 2953 lo
203 2891 415 2970 Desertamque
435 2883 513 2952 viem
536 2907 662 2970 porgens
685 2909 739 2970 per
760 2889 921 2968 fragmina,
943 2907 1055 2970 perque

202 3000 312 3063 Eresos
334 2999 450 3080 scopuli
474 3007 589 3068 cautes,
612 3001 678 3062 siue
700 3007 826 3080 utroque
847 2998 1000 3080 nequisset

200 3109 317 3172 Auxilio
339 3129 479 3172 manuum
502 3110 626 3172 subnixa
643 3110 773 3172 eredere
795 3109 904 3189 plenta.

201 3219 286 3282 'lunc
307 3219 403 3292 dolui,
427 3239 589 3300 rursusque
611 3219 715 3282 subest
735 3220 824 3282 modo
847 3237 953 3280 cnosso
975 3218 1103 3292 dolendi,
1164 3236 1166 3244 ’

199 3329 244 3392 lu
268 3347 343 3409 quae
365 3328 525 3409 conspexi,
548 3347 615 3391 oum
636 3329 727 3392 tendo
749 3328 860 3390 lumine
881 3328 1001 3402 mentis,

150 3453 184 3504 m
199 3439 237 3500 Et
257 3439 341 3520 plus,
365 3457 453 3518 quem
475 3438 575 3512 soleo,
599 3439 749 3517 ingenium
772 3436 912 3500 cohibere
934 3438 1047 3512 laboro,

199 3549 242 3610 Ne
263 3549 338 3610 mihi
360 3545 521 3622 discurret,
544 3567 603 3629 quo
625 3567 685 3610 non
707 3548 759 3610 det
778 3548 901 3609 tendere
922 3548 1031 3621 virtum

79 3580 83 3717 i
199 3657 249 3731 Ut,
272 3659 299 3719 si
322 3657 407 3720 stelle
431 3661 532 3720 latens
555 3665 605 3720 eut
626 3657 682 3718 hec
704 3657 799 3738 mqjus
821 3657 892 3738 quid
916 3657 1032 3719 abunde

198 3766 323 3830 llotibus
345 3775 482 3829 ornatum
503 3785 552 3829 mo
573 3767 714 3830 dimisere
735 3767 893 3847 bonisque,

198 3877 257 3939 lste
278 3877 354 3938 milri
375 3877 474 3939 minus
495 3877 653 3940 invideam.
697 3877 777 3950 Quot
798 3875 895 3938 cultor
914 3895 1061 3956 agrorum,

75 3948 79 4095 i
143 3998 180 4054 π
198 3987 306 4063 (Fusus
328 3986 380 4049 ubi
400 3993 525 4067 propter
546 3986 653 4048 clivom
675 3987 726 4049 det
746 3986 877 4048 membro
900 3986 1002 4067 quieti,

197 4097 360 4178 Tempore,
384 4115 458 4178 quo,
482 4107 604 4158 cunctos
627 4095 677 4176 qui
699 4097 805 4158 lustret
826 4094 962 4176 lampade
983 4109 1086 4168 terres,

196 4206 256 4268 Ore
277 4205 377 4268 minus
399 4207 491 4282 colet,
514 4205 601 4268 simul
623 4207 792 4287 importune
815 4206 960 4286 strepenti

193 4315 295 4378 llusce
317 4315 414 4378 locum
436 4317 517 4379 cedit
538 4315 652 4394 culici),
674 4315 855 4397 lempurides
878 4315 967 4377 imam

194 4427 254 4488 Per
273 4425 380 4488 vellem
402 4434 530 4508 spectet,
554 4427 683 4488 lortesse
704 4425 754 4488 ubi
778 4425 892 4504 colligit
913 4441 992 4496 ures,

1160 4520 1199 4575 7*
