3136 5164
303 407 366 472 208
702 407 883 459 enecarent
901 407 1002 458 xxxin.
1474 412 1477 423 ·

369 627 432 690 Nec
451 645 551 703 naora3
572 635 603 689 tu
624 643 766 707 prensum
787 643 915 706 propera
936 625 1084 690 deducere
1106 627 1141 690 ad
1164 645 1283 691 amnem

304 753 352 808 115
369 737 451 800 biore
473 744 533 810 tuo,
555 745 589 798 ut
608 737 702 798 virtus
723 736 782 816 ipsi
804 734 934 816 collapsa
957 737 1076 799 revivat.

370 846 474 920 Qualis
496 846 587 908 corde
608 846 705 908 anima
725 846 864 918 humane,
887 863 962 926 quae
984 846 1135 908 innectere
1157 849 1252 910 nescit

370 957 510 1020 caussam
532 956 701 1028 excusandi,
724 963 753 1018 et
775 956 832 1029 eui,
856 973 932 1034 quae
954 963 1001 1017 est
1020 955 1177 1019 manifesta
1198 957 1346 1030 veluntas,
1475 974 1478 991 ·

369 1065 495 1128 Nutibus
516 1065 638 1128 alterius
659 1083 712 1126 sua
735 1065 785 1139 fit;
807 1066 852 1127 sic
873 1063 955 1126 ilicet
976 1065 1033 1126 ista

369 1175 409 1237 Mi
431 1175 562 1238 dextram
583 1175 729 1255 arripiens
752 1175 859 1236 Saarro
881 1173 1066 1237 muliebriter
1086 1175 1198 1255 inquit:

305 1301 354 1352 lto
369 1285 429 1348 Fae
452 1303 561 1346 comes.
574 1285 644 1346 hnic
665 1284 778 1347 venias.
804 1319 841 1330 —
865 1283 998 1364 Spatium
1020 1284 1047 1346 si
1068 1284 1185 1363 longius
1207 1292 1287 1347 esset

371 1393 536 1466 Scribendi,
560 1393 737 1472 aggrederer
758 1400 875 1454 eantare
898 1411 933 1455 ex
954 1401 1039 1473 parte
1060 1392 1184 1456 beantes

370 1501 508 1575 Haustus,
532 1521 550 1562 ο
571 1501 674 1576 lector,
697 1502 748 1582 qui
770 1521 920 1582 nunquam
941 1520 989 1564 me
1011 1503 1055 1564 ire
1077 1503 1214 1566 sinebant

370 1612 542 1691 Expietumr
564 1611 763 1692 aequoniam,
786 1631 859 1692 quas
881 1622 1010 1692 poscunt
1031 1613 1087 1675 ista
1109 1615 1240 1675 secunda

235 1721 236 1726 ’
371 1721 515 1795 Carmina,
536 1721 681 1802 compleri
703 1730 824 1784 cunctas
846 1741 881 1784 ex
903 1722 1007 1784 ordine
1029 1722 1154 1794 charin,

305 1848 354 1901 125
370 1831 449 1893 Artis
471 1849 519 1894 me
541 1832 658 1894 frenum
678 1831 818 1912 probibet
835 1832 897 1912 jam
918 1830 1037 1910 longius
1059 1831 1114 1894 ire.

412 1941 526 2004 Deinde
548 1941 670 2020 madum
693 1959 711 2002 a
733 1951 832 2004 sancte
855 1940 990 2003 revecari
1012 1941 1144 2004 fluminis
1165 1943 1243 2004 unda

371 2051 422 2112 Sic
444 2051 631 2124 instauratus,
655 2049 750 2132 qualis
772 2070 846 2114 nova
868 2049 969 2130 planta
989 2059 1092 2114 novate

371 2160 489 2224 Fronde
511 2179 595 2235 nova,
615 2179 716 2242 purus,
740 2161 942 2224 conscendere
965 2161 1002 2224 ed
1023 2155 1100 2223 astra
1122 2171 1243 2242 paratus
