3124 5170
324 452 365 513 64
745 447 939 500 ldffiunouurl
957 447 1023 496 xvu.

264 3006 268 3107 ι

389 671 431 732 us
454 678 517 732 erat
537 667 608 731 huic
629 667 759 729 bominis
778 667 869 748 justi,
891 664 1084 754 usqueadeo
1106 666 1172 744 ipsa
1194 665 1355 746 benignam
1488 646 1491 745 Ξ

340 787 371 840 ltt
387 779 528 843 induerat
547 777 656 858 pellem
678 776 821 846 extamus,
843 776 898 838 sed
920 783 1035 836 caetera
1057 775 1154 836 trunci

388 889 492 952 Totius
515 887 619 966 anguis
642 897 714 948 erat
757 886 885 960 villosus
907 893 1031 964 uterque
1053 885 1182 948 lacertus

386 1001 410 1062 Α
432 998 534 1077 digitis
556 996 592 1060 ad
614 1005 756 1077 utrasque
778 995 880 1057 axillas
902 1013 998 1075 usquc
1018 993 1142 1072 rigebat,

387 1109 527 1170 Pinxerut
547 1115 578 1168 et
599 1106 721 1168 dorsum
742 1112 906 1184 pectusque
927 1112 1016 1183 atque
1037 1105 1170 1184 nudique
1192 1113 1292 1168 costas

387 1219 481 1280 Nodis
502 1216 675 1297 exiguisque
697 1214 781 1278 rotis.
824 1215 890 1276 Nou
914 1213 1057 1276 Tauricos
1078 1232 1209 1294 umqum

340 1329 370 1383 15
388 1329 521 1390 Turoaro
542 1325 697 1407 conjunxit
716 1333 874 1404 supposta,
898 1324 1085 1403 inpostaque
1106 1323 1156 1386 lile

386 1437 484 1500 Vestis
505 1445 565 1500 tam
585 1435 667 1497 vario
689 1432 861 1496 discrimine
885 1433 976 1496 tincta
998 1433 1139 1505 colorum,

387 1547 453 1609 Nou
475 1546 550 1608 tales
572 1544 657 1608 radio
679 1543 753 1606 telas
775 1542 911 1605 distinxit
930 1544 1080 1605 lacunar.

387 1657 424 1719 Ut
446 1664 526 1718 stant
546 1655 694 1716 interdurn
715 1652 812 1734 pelagi
834 1671 928 1732 prope
950 1652 1050 1714 littora
1071 1651 1202 1732 cymbae,

389 1767 519 1840 Quarum
542 1783 612 1844 para
634 1765 727 1826 undas
750 1763 855 1842 tangit,
877 1781 948 1842 pars
970 1762 1064 1824 altera
1085 1770 1202 1836 terram,

337 1883 371 1935 2⁰
387 1876 483 1956 thue
504 1875 566 1936 illic
587 1874 666 1937 inter
686 1874 825 1936 lurcones
846 1873 996 1934 Teutonas
1016 1891 1106 1946 erma,

387 1987 482 2065 Atque
504 2003 588 2046 suam
609 2001 738 2064 pugnam
759 1989 858 2045 castor
878 1991 979 2062 parat3
1001 1983 1080 2044 baud
1101 2001 1188 2044 secus
1211 1983 1268 2044 iste

387 2093 521 2157 Pessima
545 2095 640 2156 formu
662 2094 742 2155 lerae
764 2091 900 2172 lapidoso
923 2092 954 2154 in
975 2093 1108 2171 margine
1130 2092 1235 2162 stabat,

387 2203 524 2285 Undique
546 2203 597 2284 qui
619 2202 753 2264 cumulos
774 2209 858 2264 ustae
881 2201 1036 2264 claudebat
1057 2221 1173 2264 arenae.

388 2315 504 2388 Quanta
526 2321 604 2386 erat,
628 2313 658 2374 iu
680 2312 778 2392 spatio
800 2311 894 2374 cauda
914 2310 1050 2374 vibrabat
1070 2311 1161 2385 inani,

336 2433 369 2487 25
387 2424 478 2486 'l'orte
499 2422 687 2486 veneniferae
710 2421 872 2484 sustollens
893 2421 1015 2483 verbere
1039 2422 1149 2495 furcae,

388 2535 470 2607 Quae
492 2533 552 2594 ritu
572 2533 672 2611 scarpi
694 2549 868 2594 mucronem
890 2531 1023 2594 armabat
1044 2544 1171 2594 acutum.

428 2643 514 2704 Nunc
535 2641 742 2703 declinandum
765 2649 810 2702 est
831 2640 977 2720 paullum,
1001 2641 1059 2703 dux
1080 2641 1192 2721 inquit,
1215 2659 1311 2720 eoque

386 2751 601 2813 lutendendum
624 2751 681 2811 iter
702 2758 761 2823 ost,
785 2751 861 2812 mala
882 2751 933 2812 ubi
956 2770 989 2812 se
1011 2750 1109 2812 bellua
1131 2751 1247 2814 sternit.

385 2861 447 2921 Nos
469 2860 537 2922 ideo
560 2859 635 2921 latus
657 2859 696 2920 ad
717 2859 851 2920 dextrum
874 2860 1101 2934 descendimus,
1124 2869 1155 2922 et
1175 2861 1222 2923 bis

335 2977 369 3029 3⁰
384 2968 595 3048 Progredimur
616 2968 724 3048 quinos
746 2977 877 3031 extremo
900 2969 931 3030 in
951 2969 1046 3032 limite
1067 2989 1185 3050 passus,

386 3081 529 3144 Curantes
551 3079 698 3141 llamurum
721 3087 752 3141 et
772 3079 881 3142 nubem
902 3079 1062 3142 deleudere
1084 3099 1200 3142 arenae.

386 3191 468 3252 llauc
489 3207 584 3268 prope
605 3197 638 3250 ut
659 3201 706 3251 est
726 3198 859 3262 ventum,
881 3197 1000 3268 gentem
1021 3189 1177 3252 considere
1198 3207 1288 3252 arena

385 3299 514 3362 Ulterius
534 3299 634 3379 paullo
656 3299 730 3370 vidi,
755 3317 830 3379 quae
851 3299 984 3380 proxima
1007 3298 1089 3362 inani

384 3409 537 3472 Peudebat
557 3409 708 3472 barathro.
730 3443 770 3452 —
793 3409 868 3472 Tum
890 3410 996 3470 doctor
1017 3409 1058 3471 ita
1080 3428 1131 3470 ora
1155 3409 1291 3472 resolvit:

334 3529 366 3584 35
384 3520 421 3581 Ul
442 3518 496 3580 tibi
519 3519 557 3580 sit
579 3527 700 3580 cunctas
722 3517 811 3598 hujus
833 3536 1013 3596 cognoscere
1035 3519 1108 3580 circi
1235 3569 1238 3576 ⁴

383 3629 512 3708 Experto
534 3628 653 3708 penitus
675 3637 791 3708 partes,
815 3628 840 3700 i,
863 3628 1001 3709 perspice
1022 3629 1147 3709 stirpam

383 3738 528 3812 lstorum3
552 3749 582 3798 at
602 3736 731 3800 breviter
750 3738 886 3818 loquere,
909 3739 988 3800 baud
1010 3738 1050 3800 ita
1072 3738 1164 3800 multa
1185 3740 1328 3817 rogando.

383 3847 458 3910 llum
480 3847 580 3920 redis,
605 3846 670 3926 ipse
692 3849 905 3936 superveniens
926 3859 1093 3910 monstrum
1113 3848 1248 3928 alloquar
1269 3849 1361 3920 istud,

383 3958 426 4020 Ne
450 3959 541 4020 sortes
563 3956 703 4018 humeros
725 3957 813 4020 nobis
834 3957 977 4038 praebere
999 3965 1127 4021 recuset.

333 4075 367 4127 lu
426 4066 476 4128 Sic
499 4085 618 4147 quoque
639 4085 694 4146 per
715 4079 805 4148 caput
826 4077 1003 4140 extremum,
1028 4069 1107 4147 quod
1129 4067 1275 4148 septimus
1298 4069 1382 4130 orbis

383 4177 478 4250 Finit,
501 4195 538 4238 eo
561 4176 658 4248 solos,
681 4195 754 4254 gens
776 4186 889 4240 moesta
912 4178 963 4240 ubi
986 4180 1052 4241 lusa
1074 4177 1207 4241 sedebat„

353 4283 355 4288 ’
382 4286 504 4350 lllorum
526 4304 562 4348 ox
583 4285 678 4349 oculis
700 4286 787 4348 dolor
807 4287 930 4350 intimus
952 4287 1145 4368 erumpebat:

384 4397 461 4459 Hinc
483 4404 571 4477 atqua
594 4395 664 4459 iude
686 4397 744 4478 ipsi
767 4397 904 4460 manibus
926 4417 1101 4462 succurrere
1123 4397 1249 4461 tendunt
