3142 5166
567 417 746 468 Pdde'i'Oiiii
765 413 810 466 vit.

606 647 627 792 ⁶,
691 693 804 784 rur.¹
924 657 929 662 ’

239 851 371 914 Alternis
392 851 444 922 ubi
466 853 544 915 dicte
566 853 648 916 solus
671 865 731 928 est,
753 863 859 934 terque
880 863 1044 934 quaterque

197 961 314 1024 Officiis
337 969 383 1023 sut
404 969 529 1042 uterque
551 963 606 1024 tuit
628 964 753 1026 laetatus
775 965 920 1036 honestis,

197 1071 316 1134 Restitit
342 1079 430 1151 etque
453 1071 550 1152 iuquit
570 1072 760 1135 Scnnecuns:
783 1071 860 1134 Fere
881 1073 1025 1153 docsque,

197 1181 256 1254 Qui
277 1178 418 1242 rosi-
439 1180 515 1242 Ante
534 1181 652 1244 enimes
674 1183 840 1262 inciperent
861 1199 950 1262 quum
971 1183 1126 1245 advolvere
1148 1186 1240 1246 monti

164 1292 272 1355 ssese
294 1289 353 1362 isti,
377 1290 527 1370 Superum
548 1291 654 1368 dignos
676 1293 880 1355 conscendere
903 1293 1001 1364 sedes,

197 1397 274 1462 Osse
296 1417 352 1480 per
372 1401 536 1476 dugurstum
558 1419 625 1463 mee
646 1409 717 1463 sunt
738 1401 895 1474 tumuiete,
918 1419 1077 1483 socerque
1129 1449 1133 1462 .

196 1509 371 1582 Voconius,
395 1527 452 1570 nec
474 1509 635 1590 quidquem
657 1509 737 1572 atiud
760 1529 807 1572 mc
830 1511 963 1574 emittere
982 1512 1073 1592 iussit
1179 1529 1182 1540 ·

196 1621 335 1693 Goelum,
358 1619 417 1681 hoc
438 1627 581 1700 excepto,
603 1620 672 1681 iidei
696 1621 775 1700 qnod
797 1621 864 1682 tuce
886 1621 1032 1682 corebum.

238 1731 289 1792 Sic
312 1729 378 1790 iste.
424 1729 460 1790 Ut
482 1729 590 1802 subito,
614 1729 640 1790 si
663 1730 710 1791 cui
734 1747 783 1790 res
805 1729 891 1792 obvie
912 1732 972 1804 fiet,

151 1845 180 1896 te
197 1840 293 1912 Quem
315 1847 430 1919 stupet,
455 1838 504 1900 iric
526 1847 582 1902 sut
603 1840 635 1900 iu
656 1839 809 1918 ambiguo,
833 1839 973 1902 credetne
995 1849 1122 1919 neqetne

196 1949 229 2011 id
252 1967 372 2010 rerum:
395 1948 458 2022 Est,
480 1947 554 2012 niun
579 1945 643 2010 cst!
657 1948 787 2022 ‘dicens3
811 1949 852 2010 ite
873 1968 908 2010 se
929 1967 981 2012 ore
1005 1950 1119 2014 serebet

195 2059 269 2130 Ille,
291 2077 326 2120 ee
348 2059 456 2120 deinde
478 2057 671 2137 supercilium
693 2059 811 2121 demisit
834 2068 871 2120 et¹
885 2077 973 2122 omne

195 2167 314 2230 Pronus
336 2168 366 2229 in
390 2167 567 2248 obsequium
589 2167 669 2230 huuc
690 2185 796 2230 rursus
817 2169 990 2248 properavit
1010 2169 1100 2241 edire,

196 2277 417 2358 Complexuque
439 2277 544 2352 heesit,
569 2295 625 2358 que
649 2295 714 2339 mos
736 2278 813 2339 sciet
835 2297 902 2340 esse
924 2278 1060 2341 minoris.

151 2387 179 2441 ¹⁵
238 2387 263 2448 0
286 2385 336 2448 tux
357 2387 557 2460 Ausonidum,
581 2395 728 2467 quotquot
747 2388 902 2468 peperisse
924 2386 1026 2449 Latine

194 2497 235 2558 Se
253 2496 347 2577 jactet
367 2496 471 2570 tellus,
494 2515 676 2578 perquem,
699 2496 936 2576 inquit,²nostre
957 2497 1084 2577 loquele,

195 2606 274 2680 Quid
297 2614 415 2686 posset,
438 2605 555 2680 docuit,
579 2607 671 2668 decus
694 2615 846 2670 aeternum
869 2605 949 2668 itlius
970 2605 1063 2676 urhis,

194 2717 278 2779 Unde
300 2717 359 2778 fui:
383 2716 538 2796 quodnam·
555 2716 710 2788 meritum,
734 2731 809 2796 quae
832 2717 923 2795 gretie
946 2724 1090 2778 moussut

193 2825 236 2888 Te
254 2824 354 2888 mitur
375 2826 407 2888 Si
430 2826 539 2904 dignor
560 2825 720 2888 incumbe
741 2825 843 2888 eudire
865 2825 1046 2906 loquentem,
1154 2855 1160 2862 ·

145 2937 177 2990 2⁰
193 2935 309 3008 Dicito,
332 2953 370 2996 ao
392 2954 428 2997 ex
451 2935 530 2996 Orco
558 2955 654 3016 quove
676 2935 737 2998 huc
758 2936 918 2998 emerseris
940 2931 1036 2998 orbe?

235 3045 349 3106 Omnes
372 3045 546 3125 percircos
564 3046 653 3124 regni
676 3045 856 3108 suademus
879 3045 1006 3108 dolentis

193 3153 257 3218 Huc
279 3155 366 3228 reni,
389 3155 509 3236 sepiens
531 3155 614 3216 dixit.
658 3155 704 3217 ste
726 3155 817 3216 movit
838 3154 875 3216 ub
897 3155 957 3216 etto

192 3265 384 3326 descendens
406 3265 514 3338 virtus,
537 3273 568 3327 et
590 3283 623 3326 ee
645 3264 772 3326 ducente
793 3265 947 3344 proiectus

192 3375 315 3436 Adsum.
359 3373 425 3436 Non
448 3373 487 3462 ob
509 3375 601 3447 secte,
625 3373 678 3436 sed
700 3373 739 3435 ob
763 3391 822 3436 non
846 3374 922 3436 secte
944 3375 1021 3435 tueri

143 3487 175 3540 25
193 3484 291 3546 ditum
314 3503 380 3545 sum
402 3485 510 3546 vetitus
534 3484 645 3558 solem,
669 3501 758 3564 quern
779 3491 811 3544 tu
835 3483 963 3563 expetis,
987 3491 1017 3546 et
1039 3501 1127 3564 quem
1201 3483 1214 3563 ἦ

194 3594 263 3674 lpse
285 3593 375 3656 nimis
396 3613 464 3656 sero
486 3594 565 3656 nori.
609 3593 803 3656 ln··bsrnthro
825 3601 872 3654 est
893 3592 977 3654 iocos
999 3593 1051 3655 ruo

190 3703 256 3765 Non
280 3723 296 3765 e
318 3704 475 3766 tormentis
497 3703 604 3778 tristis,
628 3703 680 3765 sed
703 3709 792 3764 nocte
813 3703 962 3783 profunde

191 3813 334 3886 Tantum,
358 3812 410 3876 nbi
431 3831 493 3876 uon
515 3821 657 3876 resonent
679 3821 802 3892 questus
824 3812 967 3874 demere
989 3813 1162 3885 ululantum,

191 3923 250 3984 Sed
273 3923 476 4004 suspirantum
484 3943 498 3998 p
510 3931 546 3985 et
566 3924 668 4003 pneris
691 3923 840 3984 immixtus
863 3921 980 3996 oberro,

141 4043 173 4095 ³⁰
191 4033 275 4106 Quos
297 4051 427 4113 propere
449 4033 584 4095 insontes
598 4047 688 4095 ‘mors
710 4031 850 4094 dentibus
872 4039 939 4093 ente
961 4032 1130 4101 momordit,

190 4142 285 4215 Quam
307 4141 373 4204 lube
395 4143 524 4206 humano
545 4143 680 4206 licuisset
701 4141 784 4204 ubire
806 4141 922 4206 solutis.

189 4253 244 4315 flio
266 4251 334 4320 ilios
356 4253 434 4314 inter
454 4252 564 4326 sedeo,
588 4253 761 4332 qui‘sencte
785 4253 920 4313 terrmtur

189 4363 333 4426 Virtutum
356 4369 528 4426 ornaments
550 4361 639 4424 trium
661 4362 719 4424 sihi
741 4371 876 4441 tempore
898 4359 980 4422 nullo

1144 4463 1154 4513 1
1163 4463 1172 4514 Ι
