3124 5170
556 445 749 496 lucdunouuu
768 446 828 496 xttl.

194 661 276 734 Quae
298 672 330 723 tu
353 681 431 723 nunc
453 663 553 724 animo
576 674 712 742 reputas,
735 663 868 726 mutilata
889 663 1049 727 labescant.

146 781 177 830 au
235 771 310 832 Tum
332 771 463 852 paullum
482 773 604 834 ‘extendi
627 773 775 846 dextram,
798 770 965 854 magnoque
987 776 1094 836 revulsi

84 944 87 979 Ι
192 880 234 941 Ex
256 899 353 958 pruna
375 881 512 960 exiguum
534 901 665 956 ramum,
688 893 718 944 et
739 883 921 944 lacrimabile
945 893 1066 946 truncus
1130 913 1131 918 ¹

84 1012 87 1105 Ι
192 989 350 1052 Clamavit:
374 992 434 1053 Cur
455 1011 502 1054 me
523 989 632 1054 vellis?
654 994 714 1054 Sed
736 993 879 1071 sanguine
901 994 953 1055 ubi
975 1003 1038 1056 ater

191 1100 298 1162 Factus
321 1113 398 1174 erat,
422 1120 540 1162 rursus:
564 1103 624 1164 Cur
643 1121 692 1164 me
714 1103 877 1182 decerpere
897 1101 1011 1181 gestis?

83 1260 86 1282 ,
190 1209 275 1271 Nulla
298 1218 380 1272 tuum
402 1211 500 1290 pietas
522 1212 625 1273 decuit
646 1212 840 1274 miserescere
862 1211 990 1292 peetus?

82 1283 86 1383 1
143 1331 173 1382 ³5
192 1320 349 1392 Quondam
372 1320 510 1382 homiues
532 1321 660 1393 luimus,
685 1322 735 1400 qui
757 1341 837 1384 nuuc
858 1323 913 1384 sub
935 1323 1047 1386 cortice
1070 1335 1181 1400 stamus

82 1404 86 1588 ι
190 1429 291 1492 llutati
316 1431 346 1492 in
369 1430 489 1510 stirpes.
534 1431 620 1493 Certe
642 1432 841 1510 exspectanda
863 1432 970 1492 luisset

155 1617 160 1624 ι
189 1539 269 1600 llaec
291 1548 341 1600 tua
364 1541 466 1602 dextra
489 1541 583 1619 magis
606 1541 685 1604 llecti
708 1541 819 1620 pietate
841 1551 952 1620 parata,

12 1647 14 1658 ’
82 1589 86 1759 ι
188 1650 377 1728 unguigenas
400 1650 515 1712 animas
537 1652 562 1712 si
585 1669 642 1713 nos
664 1659 780 1729 grestare
802 1661 949 1730 putasses.

83 1766 85 1837 ξ
188 1761 225 1819 dt
246 1759 335 1820 reluti
359 1759 389 1820 in
412 1779 495 1822 ramo
517 1761 620 1832 viridi,
644 1761 691 1822 cui
714 1762 867 1822 llammeus
890 1763 979 1822 arder

83 1844 86 1923 1
140 1875 171 1926 tt
188 1869 308 1930 Summa
332 1878 398 1953 urat
420 1870 544 1949 capitis,
567 1879 629 1932 tum
652 1889 721 1949 pars
744 1880 874 1932 extrema
896 1871 1025 1949 gementi

83 1948 85 2007 1
187 1979 296 2040 Sibilat
317 1978 474 2052 assimilis,
497 1988 584 2042 rento
608 1981 836 2061 exspiranteque
858 1981 979 2043 stridet:

83 2012 86 2137 1
187 2088 238 2150 Sic
261 2089 350 2150 simul
372 2109 408 2150 ex
430 2089 482 2150 illo
505 2090 700 2168 erumpebant
721 2091 864 2168 fragmine
887 2091 986 2164 rerba,
1198 2139 1204 2146 .

85 2200 87 2221 ¹
186 2198 378 2276 iitsanguis.
424 2199 522 2272 Quare
543 2199 691 2264 labentem
714 2200 824 2262 vertice
846 2219 942 2279 prono
1451 2237 1454 2244 ·

85 2278 89 2355 ,²
187 2307 300 2369 [lemisi
321 2308 448 2386 virgam,
470 2318 557 2388 atque
580 2309 665 2380 steti,
688 2317 721 2370 ut
742 2310 791 2389 qui
815 2310 935 2372 territus
958 2311 1070 2372 haeret.

82 2394 85 2489 f
139 2428 169 2480 tt
228 2418 261 2480 si
283 2418 367 2497 prius
390 2439 425 2480 ex
447 2419 558 2482 nestris
580 2419 729 2499 potuisset
750 2421 871 2482 credere
892 2420 1001 2492 verbis,

79 2501 83 2669 1
186 2527 352 2607 Respondit
372 2529 508 2608 sapiens,
531 2548 606 2609 quae
629 2530 724 2592 oculis
746 2529 795 2591 hic
816 2529 925 2609 aspicit
947 2531 1031 2610 ipsis,
1302 2501 1306 2631 1

186 2637 280 2698 Laesa
303 2638 416 2710 anima,
440 2639 518 2700 haud
541 2657 670 2718 unquam
693 2641 770 2702 leret
791 2657 881 2702 ausus
904 2641 1024 2702 tendere
1047 2640 1179 2703 dextram

185 2747 218 2810 ln
241 2757 280 2808 te.
325 2748 513 2810 Incredibilis
536 2751 589 2810 aed
612 2769 661 2811 res
683 2769 730 2810 me
752 2750 899 2812 adducere
922 2751 1017 2812 suasit
1300 2711 1304 2913 ι

185 2858 270 2920 Hunc
292 2858 322 2920 in
346 2877 436 2938 opus,
461 2860 539 2938 quod
561 2878 608 2920 me
631 2859 743 2938 pariter
763 2869 872 2938 gravat.
915 2861 969 2922 Ast
990 2878 1043 2938 age
1066 2860 1143 2945 lare3

77 2942 80 3021 1
137 2968 242 3040 chui
266 2968 310 3029 ais
331 2968 401 3030 huie
422 2986 570 3042 memora,
592 2977 625 3030 ut
645 2988 717 3048 pre,
740 2987 798 3049 quo
822 2978 869 3031 tua
892 2970 998 3032 damna
1020 2971 1173 3049 rependat,
1222 2989 1234 3006 ⁶
1299 2924 1302 3115 1

77 3052 79 3133 l
183 3077 320 3150 Munere,
343 3077 420 3156 apud
444 3097 584 3159 superos,
608 3079 645 3140 ad
669 3097 744 3158 quos
766 3097 900 3141 remeare
922 3079 1046 3140 facultas
1292 3063 1294 3070 Α

183 3186 258 3248 Huic
281 3188 382 3260 datur,
405 3189 471 3267 ipse
493 3195 572 3250 tuam
591 3188 697 3269 jubeat
717 3189 898 3250 revirescere
921 3189 1038 3250 lamam.
1297 3127 1302 3325 1

75 3176 79 3383 1
184 3296 220 3358 Et
242 3305 380 3358 urrueus:
404 3298 477 3360 Taru
499 3299 586 3361 dulce
607 3298 679 3360 mihi
703 3307 790 3360 sonat
812 3299 868 3360 ista
890 3298 1016 3378 loquela,

184 3405 219 3468 Ut
241 3407 349 3468 tacitus
371 3426 516 3488 nequeam
537 3427 591 3470 rcs
613 3409 740 3471 mittere.
777 3409 844 3502 ³Nee
867 3426 953 3487 grave
975 3408 1059 3470 robis

74 3542 77 3605 Ι
134 3515 243 3589 55811,
267 3517 293 3578 si
318 3535 375 3597 qua
397 3517 509 3580 alliciat
530 3536 593 3587 me,
617 3518 716 3581 dicere
739 3537 847 3599 pauca,
872 3519 992 3600 cupide.

74 3676 76 3713 Ι
180 3626 232 3687 llle
255 3644 311 3705 ego
335 3645 414 3698 sum,
439 3627 537 3690 clares
560 3628 610 3708 qui
634 3630 781 3708 quondam
804 3638 907 3692 nactus
929 3637 1079 3709 utrasque,

73 3732 76 3801 !
181 3736 274 3809 Queia
297 3736 431 3798 annrcr
454 3737 584 3800 animum
607 3757 709 3800 ueram
731 3759 779 3802 me
800 3758 890 3818 pesse
911 3740 1012 3819 peliri,

180 3845 264 3908 Nunc
286 3847 443 3920 claudenS,
466 3848 557 3910 medo¹
579 3849 735 3911 recludens
756 3850 797 3910 ita
819 3849 949 3912 suaviter
970 3849 1071 3912 ambas

72 4012 73 4035 ,
180 3955 276 4029 verti,
300 3965 332 4017 ut
354 3957 519 4019 submorlm
541 3967 679 4031 cunctas,
704 3960 750 4022 cui
774 3978 862 4022 sensa
884 3960 1002 4022 sciehat

70 4110 73 4179 Ι
131 4075 162 4126 tl
179 4065 326 4140 Credere3
349 4077 379 4129 et
400 4067 515 4146 expleri
537 4077 595 4130 tam
618 4070 694 4130 lidus
717 4069 817 4131 nobile
839 4087 957 4140 munus,

70 4198 73 4223 ι
177 4174 215 4237 Ut
236 4195 283 4238 me
307 4177 470 4240 delicerent
491 4179 609 4250 sumni,
632 4188 663 4240 et
685 4179 728 4240 vis
750 4179 846 4240 vivida
868 4180 982 4258 pulsus.

70 4280 73 4309 ²
178 4287 214 4348 dt
234 4287 391 4360 meretrix,
415 4289 519 4352 ocules
541 4297 673 4351 avertere
694 4289 756 4350 risa
779 4298 934 4368 protervos

69 4364 71 4505 1
179 4396 315 4458 Caesaris
337 4397 472 4479 hospitio
493 4417 661 4479 nunquam,
685 4417 840 4462 commune
863 4398 1061 4479 sepulchrum,

73 4587 443 4609 *qh-m*-
447 4602 670 4611 u—-a--a——U
