3144 5164
99 353 222 632 f
615 404 750 456 rtesulst
767 405 846 458 ml.

227 622 290 686 Neo
310 631 409 686 uocet
454 621 549 686 Omne
571 631 692 702 regente
714 623 777 686 lieo
799 622 909 686 uirilius
932 641 1038 703 egeno,

161 738 211 790 lltt
227 732 357 795 Naturae
378 732 426 794 lex
447 753 502 813 pro
524 731 619 794 nihilo
642 741 698 796 est
739 732 881 796 Flaveute
903 734 983 796 rosei

227 843 262 904 lu
284 849 386 904 centro
409 850 547 905 aeternae
568 842 711 920 augescit,
733 841 881 905 decrescit
902 843 1021 924 oletque

227 951 338 1014 Laudis
360 951 436 1013 odor
456 952 555 1014 varius
576 952 711 1014 vernanti
734 960 851 1032 tempus
873 952 906 1014 iu
927 971 1016 1016 omne

227 1061 302 1124 Soli.
324 1061 455 1124 —Non
477 1079 575 1135 secus,
598 1079 634 1123 ac
654 1069 768 1124 mutum
789 1061 905 1142 farique
927 1063 1104 1140 studentem,

227 1172 273 1233 lle
298 1171 385 1233 traxit
405 1189 509 1232 secum
530 1171 689 1234 subridens
710 1171 797 1234 dulce
817 1171 950 1234 Berrmx

163 1293 212 1346 tlt
228 1281 325 1361 etqua
346 1281 402 1344 ait:
425 1281 470 1366 Ερ
494 1291 601 1360 quanta
624 1287 672 1342 est
691 1280 825 1344 albarum
847 1281 933 1344 turba
956 1283 1099 1346 stelenum

230 1391 343 1454 Ornata
365 1387 496 1469 fugens!
521 1390 616 1454 Cerne
638 1389 752 1462 urbem,
776 1407 864 1469 quem
885 1391 983 1472 ampla
1005 1393 1148 1473 patescit!

228 1501 396 1580 Nostraque
418 1517 540 1562 scamna
560 1499 628 1562 vide
649 1518 775 1562 numero
797 1501 843 1561 sio
862 1500 950 1580 plena
972 1503 1130 1583 frequenti,

227 1611 412 1690 Perpauoam
434 1618 469 1672 ut
488 1617 607 1688 gentem
629 1617 733 1672 noster
753 1609 905 1673 desideret
926 1609 1019 1673 orbis.

230 1721 335 1800 Magno
359 1718 410 1782 illo
433 1719 465 1780 iu
487 1718 573 1792 solio,
597 1714 710 1782 intenta
732 1719 813 1800 quod
834 1727 934 1782 mente
956 1719 1049 1782 tueris

165 1829 214 1881 12⁰
232 1829 277 1892 Ob
299 1828 565 1910 superimpositum
586 1828 662 1890 solio
685 1837 808 1901 sertum,
831 1835 899 1892 aute
921 1829 1068 1892 novellam

232 1939 329 2013 Quam
350 1938 455 2019 sponsi
477 1938 556 2000 hanc
577 1955 700 2002 coenam
722 1937 846 2011 delibes,
867 1939 925 2000 rita
948 1939 1067 2002 sedebit

229 2048 329 2127 llagui
349 2048 486 2121 licuntur,
509 2065 584 2128 quae
607 2046 639 2110 iu
660 2047 748 2110 terris
769 2048 901 2126 Auguste
922 2047 1045 2122 coletur,

230 2159 386 2231 Erectum,
401 2158 486 2237 prius
506 2157 567 2220 huc
588 2175 676 2237 quam
698 2157 739 2220 sit
759 2156 888 2235 migrare
909 2165 1023 2237 persta,

231 2267 346 2330 ltaliam
366 2267 474 2330 reniet.
518 2266 579 2329 Sed
602 2284 677 2347 quae
698 2285 752 2327 vos
774 2285 865 2328 coeca
887 2267 996 2347 cupido

167 2375 215 2431 125
232 2378 380 2451 Fasciuat,
403 2376 511 2438 iniecti
533 2375 650 2440 similes
666 2375 753 2458 jubet
774 2395 852 2449 esso,
874 2386 1028 2456 premente

233 2487 292 2562 Qui
313 2486 406 2548 miser
427 2486 526 2550 esurie
548 2486 627 2566 perit
647 2485 840 2566 ultricemque
861 2485 989 2566 repellit

232 2595 388 2677 Diriuique
410 2597 468 2658 lori
490 2597 664 2659 Praefectus
687 2603 757 2658 tunc
779 2595 945 2670 euterius,
1031 2617 1035 2630 ·

165 2779 169 2792 ,
233 2706 292 2780 Qui
314 2705 430 2768 occulte
453 2713 541 2785 atque
563 2705 662 2786 palam
683 2705 789 2768 uellem
809 2705 889 2768 haud
910 2705 1032 2769 insistet
1054 2709 1190 2783 eundem,

234 2816 330 2891 Quem
351 2822 468 2896 premet
488 2815 516 2878 is
536 2823 660 2878 rectum.
704 2813 764 2880 Sed
785 2814 907 2894 longum
928 2833 1051 2880 munere
1072 2828 1176 2882 sancto

167 2925 299 2990 letNou
322 2925 501 2988 sinethuuo
522 2925 714 3002 tangimus,
738 2933 767 2988 at
789 2925 927 2988 detrudet
947 2926 979 2988 iu
1001 2903 1110 3001 croam,

233 3035 337 3098 Simon
359 3035 411 3098 ubi
433 3053 535 3114 magus
558 3044 605 3097 est
625 3035 750 3110 merito;
772 3033 968 3116 interiusque,
990 3036 1112 3100 datums

234 3143 310 3208 Huic
331 3144 440 3219 locum,
462 3145 634 3224 Anagninus
656 3152 760 3225 pastor
780 3143 908 3225 pelletur
928 3144 959 3206 in
981 3155 1105 3208 autmm.

708 3403 818 3486 m

106 3534 109 3725 l
275 3583 458 3648 Candidulae
478 3601 551 3662 ergo
571 3599 659 3646 rosae
681 3582 738 3644 sub
757 3583 885 3660 imagine
907 3590 968 3645 tote
989 3583 1116 3648 ridenda

232 3694 336 3756 llilitia
358 3693 434 3756 alma
457 3694 530 3756 mihi
552 3693 656 3773 patuit,
680 3709 769 3772 quam
789 3691 934 3769 sanguiue
956 3693 1093 3757 Christus

106 3730 110 3937 ι
233 3804 336 3867 Eliuso
360 3823 502 3886 sponsam
525 3803 582 3866 eibi
605 3803 740 3882 scripsit:
762 3804 904 3866 etaltera
926 3803 1071 3883 plaudens

233 3914 306 3988 dlis,
330 3933 406 3996 quse
428 3916 519 3978 decus
542 3914 689 3993 inspectet
709 3911 898 3993 celebratque
919 3914 1053 3978 canendo

200 4023 328 4097 olllius,
350 4024 401 4104 qui
424 4024 513 4088 corda
534 4023 593 4086 sihi
615 4022 769 4086 succendit
790 4041 901 4096 amore,

233 4133 271 4196 Et
293 4135 344 4214 qui
365 4153 398 4197 se
420 4135 458 4197 ad
481 4143 594 4196 tantum
614 4133 748 4197 bouimte
769 4134 865 4198 evexit
883 4133 1045 4207 honorem3

233 4243 300 4306 Nou
322 4263 410 4306 secus
431 4252 520 4324 atque
542 4263 665 4308 examen
686 4261 783 4324 apum,
808 4243 887 4323 quod
909 4244 1014 4306 llorida
1035 4241 1135 4322 poscit

108 4358 111 4385 ¹
234 4353 314 4418 liure
334 4355 424 4418 modo
447 4339 536 4435 'atque
556 4353 647 4416 modo
669 4353 769 4426 cellas,
792 4353 844 4416 ulai
865 4351 952 4416 dulce
974 4369 1110 4431 saporem
1174 4451 1189 4486 s

1132 4454 1165 4506 25
