3116 5162
785 381 963 436 versantu:

375 565 510 630 Sontes?
530 566 591 632 heu
611 565 769 634 miserata!
792 565 909 646 'grarim
931 575 1225 642 ructrerererractae.
1308 573 1310 578 '
1370 621 1373 628 .

375 668 475 732 Altera
498 667 629 748 singultu
651 667 762 732 crebro.
779 667 850 730 dum
872 665 942 729 talia
964 668 1054 742 latere,
1132 721 1135 728 .
1165 719 1181 728 .,

312 781 359 831 tto
375 771 475 831 Altera
497 770 660 833 conficitur
673 768 806 845 lacrimis
828 767 1008 830 undantibus
1030 769 1158 844 umbra..
1204 817 1207 824 .

376 871 460 932 'l'unc
482 889 536 950 ego
559 871 806 950 mutupamens‘,
827 880 942 932 sortem
962 869 1122 934 miseratus
1143 870 1282 934 acerbam

376 971 529 1050 Languida
551 973 683 1034 latitem»
694 971 856 1033 districtus.
869 979 997 1050 pectora.
1015 989 1142 1057 ιιιςιιιιιιἸ
1259 1023 1263 1032 ,

377 1072 529 1146 Collabcr,
550 1074 639 1136 veluti
662 1071 762 1136 subito
785 1087 873 1151 sprern
895 1071 955 1133 rita
977 1072 1109 1153 reliquit.
1145 1077 1147 1085 ‘

356 1512 428 1585 Alia
454 1497 611 1607 ejus'rlem
628 1504 751 1582 sa'ecull
778 1503 903 1582 versic
912 1507 953 1582 ad
972 1479 1091 1581 hunc
1087 1509 1199 1606 usque
1217 1505 1331 1580 diem
1317 1531 1356 1582 ιιι
1381 1510 1508 1586 biblio-

256 1631 351 1702 th'eca
377 1625 554 1702 Seminarii
574 1607 763 1700 Florentici
791 1623 892 1723 jacet
915 1623 1066 1700 inedita.
1108 1623 1302 1700 Versicnem
1336 1629 1412 1704 dico
1441 1633 1509 1704 Co·

257 1774 324 1822 srur
350 1772 457 1822 ccccl
484 1727 708 1840 solarere,
720 1747 777 1843 qui
804 1746 884 1818 vixit
908 1746 1006 1839 inter
1021 1730 1126 1818 anuas
1155 1747 1254 1820 1720
1279 1757 1313 1819 ct
1341 1751 1508 1848 rarat),

256 1866 410 1962 elegiacis
448 1865 623 1938 versibus
639 1889 714 1938 ucrr
748 1864 953 1995 ineleganter
985 1864 1200 1960 compositum
1233 1875 1268 1938 at
1299 1867 1506 1940 senteutiam

256 1985 399 2058 auctoris
425 1984 611 2056 accuratius
637 2005 735 2080 quam
760 1981 912 2078 superior
944 1982 999 2053 illa
1025 1982 1133 2056 Caroli
1159 1982 1332 2080 Aquinatis
1356 1986 1506 2059 reddeu-

256 2113 335 2195 tem,
362 2100 456 2198 cujus
481 2102 662 2200 specimina
689 2098 910 2172 exhibuerunt
923 2097 1100 2172 llemcriae
1127 2099 1304 2174 historicae
1331 2103 1505 2176 societatis

256 2220 540 2316 Columbariae'p.
557 2219 720 2312 tas-98,
748 2230 792 2311 et,
821 2218 862 2291 ad
889 2239 986 2314 quem
1009 2215 1078 2313 jam
1096 2219 1357 2317 provocavimus
1376 2219 1503 2298 Medic·

255 2339 401 2413 lanensis
427 2321 652 2436 Polpgraphus
679 2363 710 2436 p.
738 2335 825 2431 328,
853 2339 985 2430 29⁴³).

380 2508 456 2570 Τιιιιι
477 2507 553 2573 vatia
576 2526 594 2568 ο
614 2504 706 2568 liceat
727 2507 861 2584 ςειιιίιιιι
882 2503 1002 2567 citarier
1022 2503 1151 2576 umbras,

323 2627 361 2676 rs
464 2608 527 2670 Una
549 2615 609 2669 tam
630 2605 832 2688 rapidequaa
855 2607 916 2666 lara
939 2607 1170 2686 raptathpeurs.

378 2707 435 2770 llic
456 2708 545 2770 mihi:
570 2726 660 2787 quum
682 2707 808 2787 propius
830 2707 954 2778 luerint,
977 2706 1034 2767 hos
1057 2707 1178 2780 advoca,
1201 2716 1231 2769 et
1252 2707 1369 2787 ingens,

464 2809 524 2884 Qui
545 2811 687 2870 trauslert
707 2806 845 2881 miserus,
867 2807 924 2870 has
945 2807 999 2870 tibi
1021 2807 1109 2871 sistet
1130 2825 1225 2872 amor.

329 2930 362 2980 so
379 2908 456 2972 'lum
477 2909 566 2972 simul
588 2910 645 2971 lrcs
666 2907 756 2972 nabis
777 2908 865 2970 turbo
887 2909 985 2982 clicrt,
1008 2909 1034 2972 si
1056 2909 1135 2982 licat,
1158 2909 1290 2991 iuquam,

462 3011 521 3074 Vos
543 3019 688 3083 nastrum,
710 3027 823 3084 manu,
846 3009 944 3073 sistite
965 3009 1002 3074 acl
1024 3009 1196 3090 alloquium.

378 3111 416 3174 Ut
435 3113 516 3174 colat
536 3111 646 3175 erectis
667 3111 732 3187 alis,
754 3111 908 3192 firmisque
929 3111 1067 3174 columba

461 3214 507 3276 ud
529 3214 631 3276 nidum
653 3213 777 3293 cupiens
799 3214 875 3276 laeta
897 3211 1062 3292 volensque
1083 3229 1188 3287 suum3

328 3321 361 3372 85
378 3315 452 3378 Aera
475 3333 530 3395 per
551 3323 658 3376 tetmm
681 3315 812 3388 siclae,
835 3313 1086 3386 circuamicta,

410 3433 415 3442 ·
462 3416 502 3476 Sc
523 3415 634 3478 teneris
656 3423 810 3494 praestant
829 3414 954 3476 vocibus
975 3414 1141 3476 unanimes.

378 3515 403 3577 0
426 3515 515 3590 boue,
537 3516 589 3596 qui
611 3515 740 3578 miseros
760 3533 817 3596 per
837 3513 1031 3576 subterranea
1054 3514 1137 3589 risis,

327 3641 360 3692 90
462 3617 596 3691 Quorum
619 3617 696 3678 torte
718 3625 748 3677 et
769 3616 867 3679 adhuc
888 3615 1034 3694 sanguine
1056 3622 1134 3678 terra
1156 3615 1252 3680 rubet.

378 3715 500 3791 Taedet,
524 3717 561 3779 ab
583 3717 670 3779 horte
692 3717 765 3790 deo,
788 3717 859 3780 dum
881 3717 927 3778 sic
948 3716 1092 3780 miserare
1112 3717 1259 3792 dolentes,

463 3819 551 3893 Quod
572 3826 677 3900 petere
698 3818 778 3880 haud
800 3817 889 3879 liceat
910 3835 1054 3898 prospera
1075 3825 1182 3880 cancta
1203 3819 1267 3880 tibi.

327 3939 360 3990 ιιι
378 3920 466 3996 Quod
487 3919 584 3994 datur,
606 3919 729 3982 alternis
751 3918 951 3992 senucnibus,
973 3928 1007 3982 ut
1027 3919 1133 4000 placet,
1157 3919 1235 3982 ultra

453 4021 596 4102 Citrcque
618 4029 745 4094 utamur,
767 4021 839 4084 dum
862 4020 936 4083 sinit
959 4039 1031 4082 aura
1053 4031 1164 4084 ucens.

251 4181 688 4200 Μ

322 4276 347 4340 *)
365 4275 534 4340 Brcgraplricaa
558 4275 648 4326 Ccaimi
674 4275 769 4325 acuties
787 4273 852 4324 dedit
875 4273 1037 4348 lfolpgraplrua
1060 4227 1245 4326 Mediolauerlsta
1263 4275 1322 4324 lun.
1342 4273 1495 4334 titileia.)

255 4363 299 4414 tta.
317 4361 358 4412 21.
376 4361 413 4422 (ll.
432 4359 548 4410 llcmicic.
566 4359 606 4438 lp.
625 4357 689 4422 llap'.)
708 4375 731 4423 p.
750 4356 875 4408 323-26.

323 4443 364 4508 ”l
382 4442 556 4496 columbus
572 4443 763 4493 Baticeasis
780 4441 892 4506 Bibliopr.
911 4455 935 4507 p.
953 4439 1012 4494 242.
