3142 5166
589 468 770 520 Phaethonti
787 469 805 521 1.

714 1631 818 1715 a

194 1849 251 1964 Ut
268 1891 332 1973 jam
354 1898 454 1953 currat
474 1907 581 1968 aquam
602 1888 771 1961 meliorem,
796 1887 917 1950 carbasa
939 1887 1015 1950 tollit

195 1999 336 2064 Navicnla
356 2000 469 2080 ingenii
490 1999 600 2072 nostri,
623 2007 692 2078 post
713 2008 794 2077 terga
817 1996 920 2059 relicto
964 2063 968 2068 ,

196 2110 268 2174 'lam
290 2109 356 2172 diro
378 2108 499 2189 pelag03
521 2108 701 2187 veniuntque
724 2107 854 2170 secunda
877 2107 1009 2169 canenda

89 2252 92 2271 ι
197 2221 311 2300 llegna,
334 2219 386 2281 uhi
408 2226 566 2280 concretae
588 2215 687 2280 sordis
709 2225 901 2296 veterumque
923 2215 1068 2279 malorum

165 2329 282 2394 esunt
303 2328 458 2392 hominum
478 2326 649 2408 purgandae
671 2327 801 2400 annuae,
824 2333 854 2387 et
875 2325 1078 2388 conscendere
1100 2325 1217 2388 coelum

196 2439 361 2519 Emergrant
382 2439 497 2518 dignae.
519 2437 690 2499 -Verum
712 2437 761 2498 hic
782 2436 925 2498 exstincta
947 2446 1082 2514 resurgat

197 2549 252 2612 trs
273 2557 390 2623 nostra,
414 2567 432 2610 o
455 2555 573 2610 sanotae
595 2546 712 2622 hlusae3
734 2565 782 2608 mc
805 2565 933 2627 narnque
954 2546 1120 2613 ministrum

197 2659 333 2738 legistis.
376 2657 462 2720 Nunc
484 2655 617 2737 Calliope
635 2656 688 2720 det
709 2674 832 2735 surgere
852 2657 911 2718 vati

196 2769 291 2832 Altius
312 2775 402 2847 atque
424 2767 475 2829 illo
498 2767 597 2829 sonitu
619 2765 767 2829 deducere
788 2783 917 2840 carmen,

152 2883 182 2937 lt
197 2879 257 2952 Qui
279 2879 324 2942 sic
344 2877 495 2959 percussit
514 2877 633 2940 miseris
655 2876 829 2956 praecordia
851 2876 938 2957 picis,

196 2989 235 3052 Ut
253 3006 317 3051 non
339 2988 399 3050 sint
419 2987 511 3050 ullam
532 2987 564 3048 in
585 2987 669 3048 venie
691 3005 776 3066 spem
797 3004 910 3067 ponere
931 2987 1022 3052 usae.

238 3097 340 3161 Dulcis
362 3096 483 3160 ahan
505 3096 625 3176 saphiro
648 3095 745 3170 color,
768 3095 899 3175 undique
922 3098 1033 3160 circum

196 3208 282 3270 heris
303 3208 479 3287 adspectum
500 3207 568 3286 puri
591 3207 656 3268 sine
678 3205 757 3268 nube
779 3223 919 3268 aerenum

196 3317 326 3381 Primam
347 3335 444 3399 nsque
467 3317 504 3379 ad
525 3316 681 3398 sphaeram
701 3316 900 3397 perhandcns,
923 3317 1027 3395 gaudia
1048 3337 1152 3380 mrsns

85 3480 88 3513 ,
152 3429 180 3483 tt
195 3428 292 3490 lussit
310 3426 422 3492 hahere
444 3425 564 3501 oculos,
588 3425 677 3490 simul
698 3445 733 3489 ac
754 3444 801 3490 ma
823 3435 938 3490 mortua
959 3445 1047 3507 passa
1070 3435 1117 3490 est

197 3538 276 3601 tura
297 3539 379 3602 exire
400 3539 464 3602 suis
485 3537 595 3612 antis,
618 3555 694 3617 quae
717 3535 881 3617 oculosque
902 3555 1061 3618 meumque
1189 3517 1191 3523 ’

196 3647 320 3712 Venerat
340 3655 456 3728 pectus.
501 3646 559 3721 Qui
580 3645 707 3727 pulcher
727 3665 826 3709 amare
847 3645 963 3726 planeta

196 3756 357 3833 Hortatur,
378 3757 470 3821 radiis
488 3758 560 3838 juga
581 3755 699 3819 snhdita
719 3757 870 3819 matsdms

86 3890 88 3929 ι
196 3866 359 3949 Spargebat
379 3869 459 3942 meu,
483 3867 606 3947 cingens
626 3865 772 3929 adamine
793 3866 904 3946 pisces,

86 3946 88 4071 Ι
147 3984 179 4038 tt
196 3977 255 4052 Qui
276 3977 336 4040 sihi
357 3978 499 4042 ductores
521 3976 652 4040 aderant
695 3975 831 4039 Dextram
854 3977 920 4057 ipse
941 3976 1039 4057 potiri,

194 4087 383 4169 Alteriusque
404 4087 468 4169 poli
488 4087 638 4167 vestigans
660 4085 771 4150 lumina
792 4093 891 4148 mente

86 4254 88 4269 ,
194 4195 342 4270 Quattuor
362 4198 476 4260 intanta
498 4199 621 4278 suspexi
645 4196 744 4260 sidera
765 4215 916 4278 nunquam

86 4292 89 4367 l
193 4306 333 4388 Gemite,
356 4307 540 4388 primigenae
561 4307 621 4370 nisi
643 4307 738 4386 genti,
762 4313 851 4388 atque
872 4305 991 4386 ignibus
1013 4307 1119 4369 horum

86 4428 90 4549 ι
192 4417 262 4499 lpse
282 4417 440 4482 videbator
461 4417 594 4498 gaudens
616 4416 797 4482 hilarescere
819 4415 971 4498 Olympos.

87 4580 691 4632 k-——.
