3144 5164
721 312 723 316 .
862 307 865 314 ι
962 311 963 316 ,

599 375 735 427 ventuosi
752 377 833 428 ΣΧΙΙΙ.

165 602 197 657 55
215 595 300 658 iiarrd
323 596 379 658 iste
402 595 534 672 arguerit
554 591 714 658 tonta'soh
735 595 1022 661 moietremantem.

214 706 281 768 Non
304 707 362 767 iter
383 713 430 768 est
451 723 560 785 parvae
581 704 713 784 cymbae,
736 706 815 790 quod
831 697 1096 770 'tenditarandum

214 816 308 878 Prora
329 816 434 888 audax,
457 833 518 876 non
541 815 758 887 estuaverunt,
781 815 832 894 qui
855 809 912 877 sibi
934 825 1044 910 parcat

258 927 318 988 Cor
338 943 405 987 mea
427 933 457 986 te
478 924 580 997 iacies,
605 923 711 1003 inquit,
735 933 816 987 tanto
838 925 922 988 ardet
941 942 1052 999 amore,

215 1035 254 1097 Ut
275 1053 336 1096 non
357 1035 509 1115 adspicias
531 1033 648 1112 pulchri
670 1033 779 1096 decora
802 1034 879 1096 alma
899 1034 995 1109 vireti

167 1163 200 1214 no
218 1144 304 1218 Quod
326 1161 361 1205 se
381 1143 437 1205 sub
459 1143 568 1206 Christi
590 1143 683 1206 radiis
704 1145 813 1205 dorum
834 1153 920 1208 ornat
940 1143 1056 1209 honora

218 1251 410 1333 Omnigeno?
431 1253 579 1316 Hieroso
601 1253 689 1325 inest,
712 1253 742 1314 in
766 1271 823 1332 qua
846 1254 904 1316 sibi
927 1273 1044 1318 sumere
1068 1271 1187 1317 carnem

217 1347 355 1427 Divinum
376 1362 470 1424 volarit
491 1362 629 1436 Verbum,
651 1362 700 1424 hio
722 1381 756 1424 se
778 1363 840 1424 litio
862 1363 978 1438 tollunt,

218 1476 355 1549 Quorum
376 1472 481 1552 pandit
501 1473 577 1534 odor
599 1471 713 1544 callem,
737 1471 788 1552 qui
809 1473 846 1536 ad
869 1473 968 1536 sidera
989 1475 1080 1537 duxit.

261 1584 313 1646 Sic
334 1601 401 1644 mea
422 1582 502 1658 Bou
526 1590 556 1644 ot
577 1599 633 1660 ego
655 1589 734 1644 totus
757 1601 862 1662 parere
884 1593 1004 1664 paratus

168 1707 202 1760 65
219 1694 316 1774 Hujus
339 1692 484 1765 consiliis,
506 1709 597 1770 aegro
618 1691 781 1755 certamina
802 1692 874 1754 inivi

219 1801 355 1884 Popiliae
377 1820 492 1864 rursus.
536 1802 607 1876 Ceu,
630 1819 706 1881 puro
729 1801 794 1864 soie
815 1803 942 1864 micante

219 1914 278 1975 Per
299 1911 409 1974 nubem
431 1913 564 1984 tractam,
583 1911 644 1991 jam
667 1911 778 1990 pictum
800 1912 926 1974 tionibus
948 1913 1067 1976 hortum

219 2022 339 2086 Umbris
361 2029 437 2084 tacta
458 2021 517 2084 mei
539 2019 678 2082 viderunt
698 2019 809 2082 lumina
830 2023 929 2098 visus3

221 2133 270 2195 Sic
292 2150 348 2211 ego
371 2130 566 2211 splendorum
587 2129 647 2192 ridi
668 2129 754 2210 plura
775 2131 891 2208 agmina
913 2131 951 2194 aa
971 2132 1041 2210 igno

172 2255 205 2306 to
220 2243 357 2322 Desuper
378 2240 494 2302 ardenti
517 2239 697 2319 fulgentum
719 2248 750 2302 ot
771 2255 893 2302 ceruero
916 2243 1027 2303 iontem
1175 2315 1178 2324 k

220 2352 305 2415 Haud
327 2351 400 2413 mihi
422 2369 515 2432 posse
536 2350 638 2412 datum
660 2359 715 2414 est.
760 2349 796 2422 0,
819 2367 896 2430 quae
917 2350 1130 2432 sicimprimis
1152 2351 1230 2423 iiius,

220 2462 374 2526 Pcrcomis
395 2459 504 2522 virtus!
527 2459 653 2522 Voluisti
675 2460 819 2522 scandere
840 2461 871 2522 in
893 2460 993 2534 altum,

220 2573 285 2636 iilic
306 2571 446 2649 largitura
467 2570 566 2632 locum
588 2570 667 2633 haud
690 2579 739 2632 tua
759 2571 839 2632 terre
859 2570 968 2632 volenti

220 2682 352 2764 Spicula.
395 2681 533 2743 Formosi
554 2681 648 2753 tloris,
671 2697 760 2760 qoem
781 2697 902 2759 semper
922 2681 1015 2742 adoro

174 2811 206 2866 75
220 2793 258 2855 m
279 2811 366 2854 mane
388 2799 418 2853 et
438 2809 517 2864 sero,
539 2807 649 2853 noman
671 2788 794 2870 majoris
817 2789 854 2850 ad
877 2789 976 2869 ignem

222 2901 313 2966 Lucis
334 2909 395 2962 tota
416 2899 523 2974 anima,
546 2909 608 2962 toto
630 2919 679 2962 me
700 2907 824 2980 pectore
845 2899 948 2962 traxit!

263 3013 361 3090 Atque
380 3009 442 3085 ubi,
466 3029 542 3090 quae
563 3011 657 3072 vincit
677 3011 818 3090 Superos,
841 3017 875 3072 ut
895 3009 1007 3071 vicerat
1027 3010 1113 3082 imos,

222 3121 386 3201 Qualisqne
408 3127 438 3182 et
458 3129 567 3200 quanta
590 3128 645 3195 est,
668 3120 771 3182 oeulos
793 3120 866 3182 mihi
887 3119 981 3181 vivida
1004 3119 1100 3199 pinxit

222 3231 323 3306 Stella,
346 3231 422 3292 intra
445 3229 561 3292 coelom
583 3231 630 3292 ian
650 3237 697 3292 est
718 3229 901 3292 descendere
923 3229 986 3290 visa

174 3357 207 3412 so
222 3343 285 3407 Sub
307 3341 403 3402 torma
424 3339 546 3414 ennodi,
567 3339 664 3420 qualis
685 3339 763 3402 solet
783 3357 852 3402 essa
873 3357 1011 3412 coronae,

222 3436 448 3530 Praecinxitque
470 3449 560 3522 iiiam,
583 3467 618 3514 ac
640 3465 673 3512 sc
694 3449 873 3512 circumfusa
895 3448 1013 3511 rotavit.

223 3559 403 3624 Harmoniae
426 3559 627 3640 quodcunque
648 3577 751 3638 genus,
774 3559 853 3640 quod
875 3559 994 3622 dulcius
1016 3559 1079 3622 auri

224 3672 282 3735 iiic
303 3681 400 3744 sonat,
423 3677 511 3749 atque
533 3669 665 3732 animum
686 3669 781 3748 magis
804 3669 933 3743 attrahit,
956 3678 1038 3732 esset
1059 3669 1094 3730 ad
1119 3669 1214 3740 istam,

224 3782 263 3845 Ut
283 3780 380 3842 nubes
403 3799 477 3860 quae
499 3787 586 3860 rupta
607 3788 698 3853 tonat,
721 3779 873 3854 citharam,
895 3779 974 3842 uode
997 3797 1138 3840 coronam

176 3907 209 3962 ss
224 3891 352 3954 Pulchra
373 3891 467 3952 refert
487 3889 589 3952 coelos
613 3889 779 3970 sapphirus
801 3888 910 3951 clarius
932 3907 1052 3952 ornans.

225 4002 272 4064 En
293 4018 349 4079 ego
372 4017 448 4073 snm,
469 4015 536 4061 som
557 4000 649 4062 Amor
668 3989 838 4077 Angelicus,
862 3999 913 4080 qui
935 4000 1073 4062 circumit
1093 3998 1181 4062 attam

225 4109 380 4173 Laetitiam
401 4125 477 4190 puro
500 4109 663 4189 spirantem
685 4127 702 4172 e
723 4109 859 4172 Vmornrs
879 4110 954 4183 alvo,

228 4221 286 4295 Qui
308 4218 451 4284 desiderii
472 4219 561 4282 statio
583 4219 640 4282 iuit
660 4217 779 4299 hospita
800 4221 904 4282 nostri.

226 4332 324 4411 Atque
346 4329 396 4402 ibo
418 4328 543 4404 circum,
565 4349 584 4390 o
605 4328 787 4392 nominatrix
807 4328 915 4408 inclyta
938 4325 1023 4402 coeii,

558 4527 727 4542 -nn-——nan-
