3116 5162
81 359 1093 374 ὓ-Μ-ῌῊ-

578 415 770 468 tnrtnrtotttttl
790 416 817 466 ll.

235 853 378 918 lnnlinala
402 853 468 916 dies
490 853 629 926 cedebat,
653 861 683 916 et
703 854 849 916 umbrifer
868 861 922 917 aer

82 938 84 993 ἶ
192 965 270 1028 llole
293 983 418 1045 operum
440 964 472 1026 iu
494 963 581 1025 terris
603 962 741 1026 animalia
764 972 871 1026 euneta
892 963 1022 1026 levabat:

83 1126 84 1143 ,
192 1077 289 1156 Atque
311 1093 367 1154 ego
390 1080 503 1135 tanturn
527 1091 604 1134 unus
626 1072 796 1144 veniebam,
821 1073 899 1136 serre
921 1082 1053 1154 paratus,

83 1181 991 1262 =fflnfflmmmmmt

83 1298 85 1338 ³
161 1293 281 1367 aQuod
304 1311 389 1354 mens
411 1291 582 1372 aggreditur
601 1310 663 1354 non
685 1309 788 1352 errans
810 1291 933 1372 pingere
955 1311 1051 1356 versu.

84 1402 86 1415 '
193 1403 218 1466 0
241 1403 361 1474 Musae,
385 1421 403 1464 o
424 1401 470 1462 ria
492 1401 604 1480 ingenii
626 1399 781 1473 sublimis,
804 1402 916 1474 adeste,

84 1576 86 1590 ,
192 1511 278 1575 Nune
298 1530 375 1592 opus
396 1511 507 1574 amilio
528 1520 584 1573 est.
628 1511 774 1588 Omens,
797 1529 873 1590 quae
896 1511 957 1572 visa
980 1511 1099 1584 notasti,
1130 1587 1134 1593 Ι

84 1612 86 1621 ’
192 1622 248 1686 llie
269 1630 320 1684 tua
343 1620 498 1695 nobilitas,
522 1620 572 1694 hio
589 1622 653 1702 jam
676 1620 833 1682 manifesta
855 1629 999 1700 patescet

235 1731 311 1794 Turn
333 1731 433 1813 prior,
456 1751 474 1794 o
497 1741 594 1804 uates,
617 1729 692 1803 dixi,
716 1750 733 1791 o
756 1731 829 1803 dux,
852 1729 923 1810 quid
946 1749 1012 1792 mea
1034 1732 1132 1811 possit

146 1857 177 1910 ln
192 1842 307 1914 Virtus,
331 1841 467 1922 explora,
490 1859 560 1904 num
582 1840 623 1902 sit
643 1858 698 1920 par
719 1839 799 1920 ipsa,
821 1839 996 1920 priusquam

191 1950 321 2014 Tantum
343 1951 401 2014 iter
421 1950 588 2028 ingrediar,
612 1949 660 2012 eui
681 1969 730 2012 me
752 1949 938 2012 committere
960 1951 1068 2014 tendis.

191 2061 238 2124 ‘l'u
260 2079 380 2134 narras,
403 2069 436 2122 ut
457 2061 553 2122 adhuc
575 2058 693 2120 mortali
716 2077 842 2140 corpore
865 2069 991 2122 onustus

190 2171 244 2234 llle
264 2187 376 2252 parens
395 2171 478 2232 Suri
498 2169 630 2232 saeelum
652 2169 819 2232 immortale
840 2167 953 2248 petivit,

190 2280 285 2361 ldque
307 2280 364 2342 luit
383 2297 485 2342 sensu.
529 2280 589 2342 Sed
611 2279 637 2340 ai
661 2289 757 2341 tarnen
781 2278 1006 2358 omnigenarum

85 2448 88 2466 ,
147 2399 175 2452 la
191 2389 401 2472 Nequitiamnr
422 2409 494 2450 osor
516 2389 573 2451 luit
595 2387 797 2467 indulgentior
818 2387 870 2450 isti

86 2488 89 2537 ¹
191 2501 290 2564 Altum
312 2499 411 2560 animo
433 2499 572 2563 ellectum
594 2498 756 2571 meditans,
781 2497 832 2578 qui
854 2506 1027 2576 exsurgeret
1047 2496 1126 2580 iude,

190 2611 230 2673 Et
252 2609 320 2690 quis
341 2609 387 2669 vir
408 2607 541 2688 qualisve
563 2609 642 2670 loret
662 2617 826 2689 prognatus
849 2608 885 2670 ab
909 2607 984 2688 ipso,

191 2721 274 2784 llaec
295 2718 410 2781 homini
432 2738 507 2780 sano
528 2737 578 2780 res
600 2719 680 2779 haud
701 2697 822 2796 indigna
844 2718 969 2780 ridetur.

190 2831 327 2910 Namque
348 2827 444 2890 almae
466 2829 586 2900 Rome,
609 2827 768 2908 imperium
791 2847 866 2908 quae
888 2827 1027 2890 terminet
1047 2828 1146 2900 astris,

144 2953 174 3004 at
191 2941 319 3019 Legerat
340 2938 420 3000 huno
441 2946 559 3018 patrem
580 2937 686 2998 domus
708 2936 923 3017 omnipotentis
946 2937 1071 3018 Olympi,

192 3052 277 3124 Quae
301 3049 387 3121 urbs,
411 3066 487 3128 quae
509 3063 600 3125 regua
622 3046 705 3109 urbis
727 3048 862 3118 luerunt,
886 3055 919 3108 ut
939 3065 1007 3109 vera
1028 3047 1193 3128 loquamur,

191 3161 252 3222 Pro
274 3166 378 3222 saneto
401 3156 532 3222 stabilita
555 3158 638 3230 loon,
662 3175 719 3236 qua
742 3156 814 3218 sede
837 3156 957 3242 sederet

191 3269 315 3351 llajoris
337 3268 431 3334 Perat
453 3285 621 3328 suooessor.
665 3266 793 3346 Propter
814 3266 950 3338 eundern,

193 3381 292 3452 Quem
309 3375 446 3438 numeris
469 3375 618 3446 celebras,
642 3375 749 3438 initum
770 3375 863 3438 multa
882 3376 1005 3437 auribus
1027 3375 1136 3448 hausit,

145 3501 176 3555 ta
193 3487 277 3551 Unde
300 3485 343 3548 illi
366 3493 413 3550 est
433 3485 560 3566 postlrae
580 3484 705 3546 viatoria
727 3493 828 3565 parta,
850 3485 999 3566 simulque

192 3595 369 3660 Pontificale
390 3595 492 3658 deute.
536 3595 611 3658 Post
630 3596 723 3658 multo
746 3614 781 3657 se
801 3595 903 3657 intulit
923 3593 994 3656 illuc

192 3709 248 3770 vas
271 3705 396 3778 lectum,
420 3705 517 3768 sancti
538 3705 684 3786 repletum
706 3705 836 3768 flaminis
859 3705 936 3784 igne,

192 3817 257 3890 Vir,
280 3833 446 3896 perquem
468 3813 518 3876 illa
540 3815 632 3876 Fines
655 3815 713 3876 dux
735 3814 830 3892 prima
853 3824 883 3876 et
903 3833 971 3876 vera
994 3815 1099 3878 salutis

88 3931 90 3936 '
194 3925 226 3988 ln
247 3923 358 3988 mediis
380 3940 517 3987 auruum
539 3922 628 3985 undis
650 3923 784 3986 solarnen
807 3923 939 3986 haberet.

148 4039 180 4092 tt
193 4037 247 4098 tsi
267 4053 323 4114 ego
346 4053 399 4096 our
421 4031 560 4096 veniam?
582 4033 658 4108 Quis
680 4031 753 4096 dat?
773 4035 840 4097 Non
863 4033 975 4094 Tnorus
997 4034 1097 4108 heros,

192 4145 258 4208 Non
280 4161 336 4224 ego
359 4161 426 4206 suut
447 4143 583 4218 Pronus,
606 4163 704 4224 neque
726 4161 782 4222 ego
804 4145 862 4205 hoo
883 4160 931 4206 nre
951 4161 1075 4208 munere
1097 4145 1226 4222 dignum,
1312 4216 1314 4253 Ι

89 4322 93 4351 ι
196 4255 256 4318 Nee
277 4255 436 4336 quisquam
457 4253 561 4318 eredit.
606 4253 706 4326 Quare
727 4254 755 4316 si
777 4253 900 4316 audacia
923 4261 1003 4316 eerta
1026 4261 1072 4316 est
1281 4267 1285 4276 “

197 4365 257 4438 lre,
280 4363 371 4433 nimis
392 4381 511 4435 vereor,
535 4381 573 4426 ne
594 4363 636 4424 sit
656 4363 822 4440 dementis,
843 4370 930 4425 aeuto

90 4536 691 4576 [--.-......-.--.-.-.-..
