<?xml version="1.0" encoding="UTF-8"?>
<!DOCTYPE html PUBLIC "-//W3C//DTD XHTML 1.0 Transitional//EN"
    "http://www.w3.org/TR/xhtml1/DTD/xhtml1-transitional.dtd">
<html xmlns="http://www.w3.org/1999/xhtml" xml:lang="en" lang="en">
 <head>
  <title>
</title>
<meta http-equiv="Content-Type" content="text/html;charset=utf-8" />
  <meta name='ocr-system' content='tesseract 3.04.00' />
  <meta name='ocr-capabilities' content='ocr_page ocr_carea ocr_par ocr_line ocrx_word'/>
</head>
<body>
  <div class='ocr_page' id='page_1' title='image "./divinacomoedia00piazgoog_0048.png"; bbox 0 0 3116 5162; ppageno 0'>
   <div class='ocr_carea' id='block_1_1' title="bbox 601 349 773 404">
    <p class='ocr_par' dir='ltr' id='par_1_1' title="bbox 601 349 773 404">
     <span class='ocr_line' id='line_1_1' title="bbox 601 349 773 404; baseline -0.023 0"><span class='ocrx_word' id='word_1_1' title='bbox 601 349 773 404; x_wconf 67' lang='lat' dir='ltr'><strong>amputate.</strong></span> 
     </span>
    </p>
   </div>
   <div class='ocr_carea' id='block_1_2' title="bbox 134 535 1231 1430">
    <p class='ocr_par' dir='ltr' id='par_1_2' title="bbox 216 535 1040 622">
     <span class='ocr_line' id='line_1_2' title="bbox 216 535 1040 622; baseline 0 -22"><span class='ocrx_word' id='word_1_2' title='bbox 216 537 425 600; x_wconf 64' lang='lat' dir='ltr'><strong>Oueiniata</strong></span> <span class='ocrx_word' id='word_1_3' title='bbox 444 537 505 618; x_wconf 87' lang='lat' dir='ltr'><strong>pie,</strong></span> <span class='ocrx_word' id='word_1_4' title='bbox 526 551 650 616; x_wconf 82' lang='lat' dir='ltr'><strong>semper·</strong></span> <span class='ocrx_word' id='word_1_5' title='bbox 667 541 759 622; x_wconf 72' lang='lat' dir='ltr'><strong>easta·</strong></span> <span class='ocrx_word' id='word_1_6' title='bbox 780 551 875 614; x_wconf 89' lang='lat' dir='ltr'><strong>aequa</strong></span> <span class='ocrx_word' id='word_1_7' title='bbox 894 535 1040 612; x_wconf 79' lang='lat' dir='ltr'><strong>uoluntas,</strong></span> 
     </span>
    </p>

    <p class='ocr_par' dir='ltr' id='par_1_3' title="bbox 212 615 1210 804">
     <span class='ocr_line' id='line_1_3' title="bbox 216 615 1210 718; baseline -0.002 -17"><span class='ocrx_word' id='word_1_8' title='bbox 216 637 324 714; x_wconf 81' lang='lat' dir='ltr'><strong>Quoad</strong></span> <span class='ocrx_word' id='word_1_9' title='bbox 345 637 422 700; x_wconf 88' lang='lat' dir='ltr'><strong>ratio</strong></span> <span class='ocrx_word' id='word_1_10' title='bbox 444 636 591 700; x_wconf 78' lang='lat' dir='ltr'><strong>humanae</strong></span> <span class='ocrx_word' id='word_1_11' title='bbox 612 635 710 718; x_wconf 89' lang='lat' dir='ltr'><strong>potuit</strong></span> <span class='ocrx_word' id='word_1_12' title='bbox 730 634 901 716; x_wconf 88' lang='lat' dir='ltr'><strong>pertingere</strong></span> <span class='ocrx_word' id='word_1_13' title='bbox 922 621 1041 712; x_wconf 75' lang='lat' dir='ltr'><strong>mentis,</strong></span> <span class='ocrx_word' id='word_1_14' title='bbox 1177 647 1180 654; x_wconf 87' lang='lat'>&#39;</span> <span class='ocrx_word' id='word_1_15' title='bbox 1207 615 1210 625; x_wconf 38' lang='lat'><strong>¹</strong></span> 
     </span>
     <span class='ocr_line' id='line_1_4' title="bbox 212 734 1002 804; baseline -0.004 -2"><span class='ocrx_word' id='word_1_16' title='bbox 212 739 282 804; x_wconf 83' lang='lat' dir='ltr'><strong>Non</strong></span> <span class='ocrx_word' id='word_1_17' title='bbox 306 737 376 802; x_wconf 85' lang='lat' dir='ltr'><strong>laeti</strong></span> <span class='ocrx_word' id='word_1_18' title='bbox 395 745 447 802; x_wconf 90' lang='lat' dir='ltr'><strong>ant</strong></span> <span class='ocrx_word' id='word_1_19' title='bbox 465 735 550 799; x_wconf 75' lang='lat' dir='ltr'><strong>verbi</strong></span> <span class='ocrx_word' id='word_1_20' title='bbox 572 734 730 799; x_wconf 84' lang='lat' dir='ltr'><strong>maculavit</strong></span> <span class='ocrx_word' id='word_1_21' title='bbox 752 735 876 804; x_wconf 86' lang='lat' dir='ltr'><strong>erimine</strong></span> <span class='ocrx_word' id='word_1_22' title='bbox 897 737 1002 799; x_wconf 84' lang='lat' dir='ltr'><strong>sitam:</strong></span> 
     </span>
    </p>

    <p class='ocr_par' dir='ltr' id='par_1_4' title="bbox 214 835 1009 917">
     <span class='ocr_line' id='line_1_5' title="bbox 214 835 1009 917; baseline -0.005 -13"><span class='ocrx_word' id='word_1_23' title='bbox 214 839 346 914; x_wconf 75' lang='lat' dir='ltr'><strong>Occidit,</strong></span> <span class='ocrx_word' id='word_1_24' title='bbox 367 837 448 902; x_wconf 84' lang='lat' dir='ltr'><strong>haud</strong></span> <span class='ocrx_word' id='word_1_25' title='bbox 470 838 549 901; x_wconf 83' lang='lat' dir='ltr'><strong>sacri</strong></span> <span class='ocrx_word' id='word_1_26' title='bbox 571 835 688 900; x_wconf 86' lang='lat' dir='ltr'><strong>ablutus</strong></span> <span class='ocrx_word' id='word_1_27' title='bbox 709 836 1009 917; x_wconf 82' lang='lat' dir='ltr'><strong>baptismatisunda,</strong></span> 
     </span>
    </p>

    <p class='ocr_par' dir='ltr' id='par_1_5' title="bbox 212 937 1231 1122">
     <span class='ocr_line' id='line_1_6' title="bbox 212 937 1231 1021; baseline -0.001 -16"><span class='ocrx_word' id='word_1_28' title='bbox 212 942 337 1021; x_wconf 75' lang='lat' dir='ltr'><strong>tneque</strong></span> <span class='ocrx_word' id='word_1_29' title='bbox 358 939 435 1014; x_wconf 86' lang='lat' dir='ltr'><strong>lide;</strong></span> <span class='ocrx_word' id='word_1_30' title='bbox 457 938 531 1002; x_wconf 74' lang='lat' dir='ltr'><strong>heul</strong></span> <span class='ocrx_word' id='word_1_31' title='bbox 554 937 604 1000; x_wconf 85' lang='lat' dir='ltr'><strong>ubi</strong></span> <span class='ocrx_word' id='word_1_32' title='bbox 622 938 739 1018; x_wconf 78' lang='lat' dir='ltr'><strong>justitia</strong></span> <span class='ocrx_word' id='word_1_33' title='bbox 760 946 815 1011; x_wconf 88' lang='lat' dir='ltr'><strong>eet,</strong></span> <span class='ocrx_word' id='word_1_34' title='bbox 838 957 915 1018; x_wconf 86' lang='lat' dir='ltr'><strong>quae</strong></span> <span class='ocrx_word' id='word_1_35' title='bbox 937 938 1058 1004; x_wconf 82' lang='lat' dir='ltr'><strong>damnet</strong></span> <span class='ocrx_word' id='word_1_36' title='bbox 1080 940 1231 1004; x_wconf 75' lang='lat' dir='ltr'><strong>modern?</strong></span> 
     </span>
     <span class='ocr_line' id='line_1_7' title="bbox 213 1036 1057 1122; baseline -0.005 -16"><span class='ocrx_word' id='word_1_37' title='bbox 213 1044 275 1106; x_wconf 72' lang='lat' dir='ltr'><strong>lut</strong></span> <span class='ocrx_word' id='word_1_38' title='bbox 295 1041 347 1104; x_wconf 77' lang='lat' dir='ltr'><strong>ulii</strong></span> <span class='ocrx_word' id='word_1_39' title='bbox 361 1041 460 1122; x_wconf 75' lang='lat' dir='ltr'><strong>eulpa</strong></span> <span class='ocrx_word' id='word_1_40' title='bbox 477 1039 578 1122; x_wconf 66' lang='lat' dir='ltr'><strong>hugus,</strong></span> <span class='ocrx_word' id='word_1_41' title='bbox 600 1038 627 1101; x_wconf 87' lang='lat' dir='ltr'><strong>si</strong></span> <span class='ocrx_word' id='word_1_42' title='bbox 648 1039 747 1104; x_wconf 83' lang='lat' dir='ltr'><strong>neeeit</strong></span> <span class='ocrx_word' id='word_1_43' title='bbox 767 1039 891 1104; x_wconf 86' lang='lat' dir='ltr'><strong>eredere</strong></span> <span class='ocrx_word' id='word_1_44' title='bbox 913 1036 1057 1104; x_wconf 76' lang='lat' dir='ltr'><strong>Christo?</strong></span> 
     </span>
    </p>

    <p class='ocr_par' dir='ltr' id='par_1_6' title="bbox 212 1139 1050 1226">
     <span class='ocr_line' id='line_1_8' title="bbox 212 1139 1050 1226; baseline -0.001 -18"><span class='ocrx_word' id='word_1_45' title='bbox 212 1144 329 1224; x_wconf 71' lang='lat' dir='ltr'><strong>Ecquis</strong></span> <span class='ocrx_word' id='word_1_46' title='bbox 351 1161 396 1218; x_wconf 82' lang='lat' dir='ltr'><strong>es,</strong></span> <span class='ocrx_word' id='word_1_47' title='bbox 418 1142 450 1210; x_wconf 81' lang='lat' dir='ltr'><strong>ia</strong></span> <span class='ocrx_word' id='word_1_48' title='bbox 470 1141 612 1224; x_wconf 82' lang='lat' dir='ltr'><strong>oothedra</strong></span> <span class='ocrx_word' id='word_1_49' title='bbox 633 1141 684 1221; x_wconf 79' lang='lat' dir='ltr'><strong>qui</strong></span> <span class='ocrx_word' id='word_1_50' title='bbox 704 1141 749 1204; x_wconf 84' lang='lat' dir='ltr'><strong>sis</strong></span> <span class='ocrx_word' id='word_1_51' title='bbox 772 1139 929 1226; x_wconf 81' lang='lat' dir='ltr'><strong>considere</strong></span> <span class='ocrx_word' id='word_1_52' title='bbox 948 1141 1050 1222; x_wconf 80' lang='lat' dir='ltr'><strong>juder.</strong></span> 
     </span>
    </p>

    <p class='ocr_par' dir='ltr' id='par_1_7' title="bbox 134 1241 1112 1430">
     <span class='ocr_line' id='line_1_9' title="bbox 134 1241 1112 1328; baseline -0.004 -20"><span class='ocrx_word' id='word_1_53' title='bbox 134 1281 139 1292; x_wconf 90' lang='lat'><strong>·</strong></span> <span class='ocrx_word' id='word_1_54' title='bbox 212 1245 254 1308; x_wconf 89' lang='lat' dir='ltr'><strong>Ut</strong></span> <span class='ocrx_word' id='word_1_55' title='bbox 274 1263 339 1308; x_wconf 89' lang='lat' dir='ltr'><strong>rem</strong></span> <span class='ocrx_word' id='word_1_56' title='bbox 360 1243 504 1308; x_wconf 86' lang='lat' dir='ltr'><strong>discutias</strong></span> <span class='ocrx_word' id='word_1_57' title='bbox 525 1243 654 1326; x_wconf 76' lang='lat' dir='ltr'><strong>positam</strong></span> <span class='ocrx_word' id='word_1_58' title='bbox 677 1242 754 1305; x_wconf 89' lang='lat' dir='ltr'><strong>ultra</strong></span> <span class='ocrx_word' id='word_1_59' title='bbox 775 1241 869 1304; x_wconf 88' lang='lat' dir='ltr'><strong>millia</strong></span> <span class='ocrx_word' id='word_1_60' title='bbox 891 1251 1019 1318; x_wconf 85' lang='lat' dir='ltr'><strong>eentum,</strong></span> <span class='ocrx_word' id='word_1_61' title='bbox 1070 1321 1074 1328; x_wconf 88' lang='lat'>.</span> <span class='ocrx_word' id='word_1_62' title='bbox 1109 1313 1112 1320; x_wconf 31' lang='lat'><strong>¹</strong></span> 
     </span>
     <span class='ocr_line' id='line_1_10' title="bbox 212 1341 1063 1430; baseline 0.001 -23"><span class='ocrx_word' id='word_1_63' title='bbox 212 1343 269 1409; x_wconf 75' lang='lat' dir='ltr'><strong>Vix</strong></span> <span class='ocrx_word' id='word_1_64' title='bbox 290 1356 377 1430; x_wconf 89' lang='lat' dir='ltr'><strong>aptus</strong></span> <span class='ocrx_word' id='word_1_65' title='bbox 398 1343 497 1408; x_wconf 87' lang='lat' dir='ltr'><strong>metiri</strong></span> <span class='ocrx_word' id='word_1_66' title='bbox 519 1344 608 1407; x_wconf 90' lang='lat' dir='ltr'><strong>oeulo</strong></span> <span class='ocrx_word' id='word_1_67' title='bbox 630 1343 759 1424; x_wconf 87' lang='lat' dir='ltr'><strong>spatium</strong></span> <span class='ocrx_word' id='word_1_68' title='bbox 780 1342 871 1413; x_wconf 88' lang='lat' dir='ltr'><strong>unius</strong></span> <span class='ocrx_word' id='word_1_69' title='bbox 891 1341 1005 1408; x_wconf 76' lang='lat' dir='ltr'><strong>ulnae?</strong></span> <span class='ocrx_word' id='word_1_70' title='bbox 1021 1373 1063 1390; x_wconf 89' lang='lat'><strong>-·</strong></span> 
     </span>
    </p>
   </div>
   <div class='ocr_carea' id='block_1_3' title="bbox 83 1494 1307 2540">
    <p class='ocr_par' dir='ltr' id='par_1_8' title="bbox 83 1494 1307 2540">
     <span class='ocr_line' id='line_1_11' title="bbox 167 1494 1306 1594; baseline -0.002 -20"><span class='ocrx_word' id='word_1_71' title='bbox 167 1498 318 1586; x_wconf 79' lang='lat' dir='ltr'><strong>Quocum</strong></span> <span class='ocrx_word' id='word_1_72' title='bbox 350 1497 423 1573; x_wconf 87' lang='lat' dir='ltr'><strong>loon</strong></span> <span class='ocrx_word' id='word_1_73' title='bbox 458 1506 593 1593; x_wconf 82' lang='lat' dir='ltr'><strong>praeter</strong></span> <span class='ocrx_word' id='word_1_74' title='bbox 624 1504 799 1571; x_wconf 81' lang='lat' dir='ltr'><strong>sexcentos</strong></span> <span class='ocrx_word' id='word_1_75' title='bbox 833 1494 917 1572; x_wconf 88' lang='lat' dir='ltr'><strong>alios</strong></span> <span class='ocrx_word' id='word_1_76' title='bbox 942 1495 1118 1572; x_wconf 72' lang='lat' dir='ltr'><strong>sententiis</strong></span> <span class='ocrx_word' id='word_1_77' title='bbox 1144 1496 1306 1594; x_wconf 74' lang='lat' dir='ltr'><strong>dicteriis-</strong></span> 
     </span>
     <span class='ocr_line' id='line_1_12' title="bbox 83 1613 1306 1716; baseline -0.002 -24"><span class='ocrx_word' id='word_1_78' title='bbox 83 1619 250 1716; x_wconf 80' lang='lat' dir='ltr'><strong>molonga</strong></span> <span class='ocrx_word' id='word_1_79' title='bbox 274 1614 578 1714; x_wconf 82' lang='lat' dir='ltr'><strong>praestantissimos</strong></span> <span class='ocrx_word' id='word_1_80' title='bbox 601 1613 745 1695; x_wconf 82' lang='lat' dir='ltr'><strong>eonierti</strong></span> <span class='ocrx_word' id='word_1_81' title='bbox 774 1623 922 1688; x_wconf 85' lang='lat' dir='ltr'><strong>meretur</strong></span> <span class='ocrx_word' id='word_1_82' title='bbox 946 1615 1029 1688; x_wconf 90' lang='lat' dir='ltr'><strong>alter</strong></span> <span class='ocrx_word' id='word_1_83' title='bbox 1053 1613 1306 1709; x_wconf 72' lang='lat' dir='ltr'><strong>Parauxxtx,</strong></span> 
     </span>
     <span class='ocr_line' id='line_1_13' title="bbox 84 1731 1307 1835; baseline -0.004 -22"><span class='ocrx_word' id='word_1_84' title='bbox 84 1739 146 1814; x_wconf 85' lang='lat' dir='ltr'><strong>lllll</strong></span> <span class='ocrx_word' id='word_1_85' title='bbox 158 1761 246 1835; x_wconf 82' lang='lat' dir='ltr'><strong>seqq.</strong></span> <span class='ocrx_word' id='word_1_86' title='bbox 298 1734 349 1810; x_wconf 89' lang='lat' dir='ltr'><strong>lbi</strong></span> <span class='ocrx_word' id='word_1_87' title='bbox 370 1743 467 1832; x_wconf 86' lang='lat' dir='ltr'><strong>poeta</strong></span> <span class='ocrx_word' id='word_1_88' title='bbox 479 1757 550 1826; x_wconf 89' lang='lat' dir='ltr'><strong>eos,</strong></span> <span class='ocrx_word' id='word_1_89' title='bbox 577 1731 633 1830; x_wconf 81' lang='lat' dir='ltr'><strong>qui</strong></span> <span class='ocrx_word' id='word_1_90' title='bbox 655 1731 759 1830; x_wconf 87' lang='lat' dir='ltr'><strong>ipsius</strong></span> <span class='ocrx_word' id='word_1_91' title='bbox 778 1741 926 1829; x_wconf 88' lang='lat' dir='ltr'><strong>tempore</strong></span> <span class='ocrx_word' id='word_1_92' title='bbox 944 1734 979 1806; x_wconf 92' lang='lat' dir='ltr'><strong>in</strong></span> <span class='ocrx_word' id='word_1_93' title='bbox 995 1733 1134 1808; x_wconf 83' lang='lat' dir='ltr'><strong>eeclesia</strong></span> <span class='ocrx_word' id='word_1_94' title='bbox 1148 1734 1307 1808; x_wconf 84' lang='lat' dir='ltr'><strong>catholica</strong></span> 
     </span>
     <span class='ocr_line' id='line_1_14' title="bbox 84 1849 1307 1952; baseline -0.002 -24"><span class='ocrx_word' id='word_1_95' title='bbox 84 1879 202 1930; x_wconf 86' lang='lat' dir='ltr'><strong>munere</strong></span> <span class='ocrx_word' id='word_1_96' title='bbox 227 1853 463 1952; x_wconf 76' lang='lat' dir='ltr'><strong>Apostolorum</strong></span> <span class='ocrx_word' id='word_1_97' title='bbox 489 1875 526 1926; x_wconf 88' lang='lat' dir='ltr'><strong>se</strong></span> <span class='ocrx_word' id='word_1_98' title='bbox 552 1849 647 1945; x_wconf 87' lang='lat' dir='ltr'><strong>iungi</strong></span> <span class='ocrx_word' id='word_1_99' title='bbox 673 1849 910 1945; x_wconf 76' lang='lat' dir='ltr'><strong>gloriabantur,</strong></span> <span class='ocrx_word' id='word_1_100' title='bbox 937 1851 1153 1948; x_wconf 86' lang='lat' dir='ltr'><strong>iraquedam</strong></span> <span class='ocrx_word' id='word_1_101' title='bbox 1179 1853 1233 1950; x_wconf 91' lang='lat' dir='ltr'><strong>pia</strong></span> <span class='ocrx_word' id='word_1_102' title='bbox 1248 1859 1307 1926; x_wconf 64' lang='lat' dir='ltr'><strong>&#39;ae</strong></span> 
     </span>
     <span class='ocr_line' id='line_1_15' title="bbox 86 1968 1306 2070; baseline -0.001 -26"><span class='ocrx_word' id='word_1_103' title='bbox 86 1997 136 2070; x_wconf 87' lang='lat' dir='ltr'><strong>qne</strong></span> <span class='ocrx_word' id='word_1_104' title='bbox 155 1971 240 2068; x_wconf 76' lang='lat' dir='ltr'><strong>jusu</strong></span> <span class='ocrx_word' id='word_1_105' title='bbox 267 1980 453 2046; x_wconf 82' lang='lat' dir='ltr'><strong>commotus</strong></span> <span class='ocrx_word' id='word_1_106' title='bbox 475 1968 705 2049; x_wconf 82' lang='lat' dir='ltr'><strong>inimicissimo</strong></span> <span class='ocrx_word' id='word_1_107' title='bbox 734 1969 832 2041; x_wconf 90' lang='lat' dir='ltr'><strong>dente</strong></span> <span class='ocrx_word' id='word_1_108' title='bbox 858 1971 964 2068; x_wconf 85' lang='lat' dir='ltr'><strong>oerpit</strong></span> <span class='ocrx_word' id='word_1_109' title='bbox 980 1971 1015 2044; x_wconf 90' lang='lat' dir='ltr'><strong>in</strong></span> <span class='ocrx_word' id='word_1_110' title='bbox 1034 1995 1213 2067; x_wconf 90' lang='lat' dir='ltr'><strong>eorumque</strong></span> <span class='ocrx_word' id='word_1_111' title='bbox 1231 1994 1306 2068; x_wconf 89' lang='lat' dir='ltr'><strong>per-</strong></span> 
     </span>
     <span class='ocr_line' id='line_1_16' title="bbox 85 2084 1306 2189; baseline 0.002 -29"><span class='ocrx_word' id='word_1_112' title='bbox 85 2113 191 2167; x_wconf 86' lang='lat' dir='ltr'><strong>rersam</strong></span> <span class='ocrx_word' id='word_1_113' title='bbox 214 2090 267 2164; x_wconf 86' lang='lat' dir='ltr'><strong>rel</strong></span> <span class='ocrx_word' id='word_1_114' title='bbox 300 2089 412 2189; x_wconf 89' lang='lat' dir='ltr'><strong>potius</strong></span> <span class='ocrx_word' id='word_1_115' title='bbox 443 2089 691 2171; x_wconf 69' lang='lat' dir='ltr'><strong>referientes</strong></span> <span class='ocrx_word' id='word_1_116' title='bbox 727 2084 854 2159; x_wconf 87' lang='lat' dir='ltr'><strong>divinas</strong></span> <span class='ocrx_word' id='word_1_117' title='bbox 887 2089 1049 2162; x_wconf 83' lang='lat' dir='ltr'><strong>tractandi</strong></span> <span class='ocrx_word' id='word_1_118' title='bbox 1082 2099 1116 2162; x_wconf 87' lang='lat' dir='ltr'><strong>et</strong></span> <span class='ocrx_word' id='word_1_119' title='bbox 1148 2090 1306 2186; x_wconf 89' lang='lat' dir='ltr'><strong>populum</strong></span> 
     </span>
     <span class='ocr_line' id='line_1_17' title="bbox 86 2192 1306 2305; baseline -0.002 -23"><span class='ocrx_word' id='word_1_120' title='bbox 86 2207 288 2284; x_wconf 76' lang='lat' dir='ltr'><strong>Christianum</strong></span> <span class='ocrx_word' id='word_1_121' title='bbox 327 2205 528 2305; x_wconf 84' lang='lat' dir='ltr'><strong>turpissimis</strong></span> <span class='ocrx_word' id='word_1_122' title='bbox 561 2205 768 2301; x_wconf 88' lang='lat' dir='ltr'><strong>ignorantiae</strong></span> <span class='ocrx_word' id='word_1_123' title='bbox 808 2192 1118 2305; x_wconf 74' lang='lat' dir='ltr'><strong>superstitionisque</strong></span> <span class='ocrx_word' id='word_1_124' title='bbox 1151 2207 1306 2296; x_wconf 75' lang='lat' dir='ltr'><strong>sordibps</strong></span> 
     </span>
     <span class='ocr_line' id='line_1_18' title="bbox 86 2321 1305 2418; baseline -0.007 -12"><span class='ocrx_word' id='word_1_125' title='bbox 86 2329 213 2406; x_wconf 73' lang='lat' dir='ltr'><strong>undu</strong></span> <span class='ocrx_word' id='word_1_126' title='bbox 252 2338 287 2400; x_wconf 89' lang='lat' dir='ltr'><strong>ot</strong></span> <span class='ocrx_word' id='word_1_127' title='bbox 326 2326 368 2400; x_wconf 89' lang='lat' dir='ltr'><strong>de</strong></span> <span class='ocrx_word' id='word_1_128' title='bbox 406 2324 569 2400; x_wconf 84' lang='lat' dir='ltr'><strong>industria</strong></span> <span class='ocrx_word' id='word_1_129' title='bbox 609 2321 787 2418; x_wconf 85' lang='lat' dir='ltr'><strong>obtegendi</strong></span> <span class='ocrx_word' id='word_1_130' title='bbox 820 2323 983 2397; x_wconf 87' lang='lat' dir='ltr'><strong>rationem</strong></span> <span class='ocrx_word' id='word_1_131' title='bbox 1015 2325 1305 2417; x_wconf 75' lang='lat' dir='ltr'><strong>vehementissime</strong></span> 
     </span>
     <span class='ocr_line' id='line_1_19' title="bbox 86 2421 1291 2540; baseline -0.008 -22"><span class='ocrx_word' id='word_1_132' title='bbox 86 2445 238 2522; x_wconf 74' lang='lat' dir='ltr'><strong>invehitur.</strong></span> <span class='ocrx_word' id='word_1_133' title='bbox 289 2444 448 2540; x_wconf 80' lang='lat' dir='ltr'><strong>Legimus</strong></span> <span class='ocrx_word' id='word_1_134' title='bbox 475 2443 564 2516; x_wconf 89' lang='lat' dir='ltr'><strong>enim</strong></span> <span class='ocrx_word' id='word_1_135' title='bbox 590 2442 611 2514; x_wconf 92' lang='lat' dir='ltr'><strong>l.</strong></span> <span class='ocrx_word' id='word_1_136' title='bbox 639 2465 685 2513; x_wconf 78' lang='lat' dir='ltr'><strong>n:</strong></span> <span class='ocrx_word' id='word_1_137' title='bbox 879 2457 883 2466; x_wconf 88' lang='lat'><strong>·</strong></span> <span class='ocrx_word' id='word_1_138' title='bbox 1287 2421 1291 2429; x_wconf 42' lang='lat'>¹</span> 
     </span>
    </p>
   </div>
   <div class='ocr_carea' id='block_1_4' title="bbox 160 2573 1158 4179">
    <p class='ocr_par' dir='ltr' id='par_1_9' title="bbox 213 2573 1158 3569">
     <span class='ocr_line' id='line_1_20' title="bbox 240 2573 1089 2660; baseline -0.005 -18"><span class='ocrx_word' id='word_1_139' title='bbox 240 2578 324 2642; x_wconf 76' lang='lat' dir='ltr'><strong>lion</strong></span> <span class='ocrx_word' id='word_1_140' title='bbox 346 2578 420 2641; x_wconf 87' lang='lat' dir='ltr'><strong>dixit</strong></span> <span class='ocrx_word' id='word_1_141' title='bbox 441 2577 577 2644; x_wconf 80' lang='lat' dir='ltr'><strong>Christus</strong></span> <span class='ocrx_word' id='word_1_142' title='bbox 597 2575 812 2660; x_wconf 34' lang='lat' dir='ltr'><strong>primis,1quos</strong></span> <span class='ocrx_word' id='word_1_143' title='bbox 833 2573 956 2640; x_wconf 89' lang='lat' dir='ltr'><strong>loedere</strong></span> <span class='ocrx_word' id='word_1_144' title='bbox 974 2575 1089 2658; x_wconf 84' lang='lat' dir='ltr'><strong>junxit:</strong></span> 
     </span>
     <span class='ocr_line' id='line_1_21' title="bbox 213 2675 938 2760; baseline -0.006 -16"><span class='ocrx_word' id='word_1_145' title='bbox 213 2683 257 2744; x_wconf 90' lang='lat' dir='ltr'><strong>lte</strong></span> <span class='ocrx_word' id='word_1_146' title='bbox 279 2689 310 2743; x_wconf 88' lang='lat' dir='ltr'><strong>et</strong></span> <span class='ocrx_word' id='word_1_147' title='bbox 329 2699 386 2760; x_wconf 88' lang='lat' dir='ltr'><strong>per</strong></span> <span class='ocrx_word' id='word_1_148' title='bbox 405 2687 499 2742; x_wconf 88' lang='lat' dir='ltr'><strong>totam</strong></span> <span class='ocrx_word' id='word_1_149' title='bbox 520 2697 614 2758; x_wconf 88' lang='lat' dir='ltr'><strong>nugas</strong></span> <span class='ocrx_word' id='word_1_150' title='bbox 636 2675 792 2738; x_wconf 81' lang='lat' dir='ltr'><strong>diffundite</strong></span> <span class='ocrx_word' id='word_1_151' title='bbox 813 2676 938 2740; x_wconf 85' lang='lat' dir='ltr'><strong>terram!</strong></span> 
     </span>
     <span class='ocr_line' id='line_1_22' title="bbox 213 2776 1005 2852; baseline -0.005 -8"><span class='ocrx_word' id='word_1_152' title='bbox 213 2785 251 2844; x_wconf 82' lang='lat' dir='ltr'><strong>tt</strong></span> <span class='ocrx_word' id='word_1_153' title='bbox 271 2781 355 2844; x_wconf 81' lang='lat' dir='ltr'><strong>dedit</strong></span> <span class='ocrx_word' id='word_1_154' title='bbox 374 2781 423 2842; x_wconf 88' lang='lat' dir='ltr'><strong>lris</strong></span> <span class='ocrx_word' id='word_1_155' title='bbox 444 2799 531 2844; x_wconf 80' lang='lat' dir='ltr'><strong>rerer</strong></span> <span class='ocrx_word' id='word_1_156' title='bbox 553 2778 730 2852; x_wconf 72' lang='lat' dir='ltr'><strong>lundamem</strong></span> <span class='ocrx_word' id='word_1_157' title='bbox 753 2787 784 2839; x_wconf 89' lang='lat' dir='ltr'><strong>et</strong></span> <span class='ocrx_word' id='word_1_158' title='bbox 804 2776 877 2839; x_wconf 90' lang='lat' dir='ltr'><strong>illud</strong></span> <span class='ocrx_word' id='word_1_159' title='bbox 899 2779 931 2840; x_wconf 93' lang='lat' dir='ltr'><strong>in</strong></span> <span class='ocrx_word' id='word_1_160' title='bbox 953 2797 1005 2841; x_wconf 90' lang='lat' dir='ltr'><strong>ore</strong></span> 
     </span>
     <span class='ocr_line' id='line_1_23' title="bbox 214 2875 1092 2964; baseline -0.003 -19"><span class='ocrx_word' id='word_1_161' title='bbox 214 2883 311 2946; x_wconf 87' lang='lat' dir='ltr'><strong>Unum</strong></span> <span class='ocrx_word' id='word_1_162' title='bbox 333 2875 399 2964; x_wconf 79' lang='lat' dir='ltr'><strong>ejus</strong></span> <span class='ocrx_word' id='word_1_163' title='bbox 419 2881 530 2952; x_wconf 87' lang='lat' dir='ltr'><strong>sonuit,</strong></span> <span class='ocrx_word' id='word_1_164' title='bbox 552 2879 590 2942; x_wconf 90' lang='lat' dir='ltr'><strong>de</strong></span> <span class='ocrx_word' id='word_1_165' title='bbox 613 2898 672 2959; x_wconf 91' lang='lat' dir='ltr'><strong>quo</strong></span> <span class='ocrx_word' id='word_1_166' title='bbox 694 2877 752 2940; x_wconf 90' lang='lat' dir='ltr'><strong>sibi</strong></span> <span class='ocrx_word' id='word_1_167' title='bbox 774 2887 918 2958; x_wconf 81' lang='lat' dir='ltr'><strong>scutaque</strong></span> <span class='ocrx_word' id='word_1_168' title='bbox 937 2875 971 2941; x_wconf 68' lang='lat' dir='ltr'><strong>&#39;et</strong></span> <span class='ocrx_word' id='word_1_169' title='bbox 991 2879 1092 2942; x_wconf 89' lang='lat' dir='ltr'><strong>hastas</strong></span> 
     </span>
     <span class='ocr_line' id='line_1_24' title="bbox 214 2980 912 3059; baseline -0.006 -13"><span class='ocrx_word' id='word_1_170' title='bbox 214 2983 251 3046; x_wconf 89' lang='lat' dir='ltr'><strong>lli</strong></span> <span class='ocrx_word' id='word_1_171' title='bbox 274 2985 375 3047; x_wconf 75' lang='lat' dir='ltr'><strong>lesere</strong></span> <span class='ocrx_word' id='word_1_172' title='bbox 396 2981 465 3055; x_wconf 79' lang='lat' dir='ltr'><strong>siti,</strong></span> <span class='ocrx_word' id='word_1_173' title='bbox 486 2980 598 3052; x_wconf 86' lang='lat' dir='ltr'><strong>luetati,</strong></span> <span class='ocrx_word' id='word_1_174' title='bbox 621 2980 785 3042; x_wconf 82' lang='lat' dir='ltr'><strong>accendero</strong></span> <span class='ocrx_word' id='word_1_175' title='bbox 806 2997 912 3059; x_wconf 90' lang='lat' dir='ltr'><strong>puram</strong></span> 
     </span>
     <span class='ocr_line' id='line_1_25' title="bbox 213 3081 964 3162; baseline -0.009 -13"><span class='ocrx_word' id='word_1_176' title='bbox 213 3085 324 3149; x_wconf 78' lang='lat' dir='ltr'><strong>tueem</strong></span> <span class='ocrx_word' id='word_1_177' title='bbox 346 3083 509 3162; x_wconf 80' lang='lat' dir='ltr'><strong>Evangelii.</strong></span> <span class='ocrx_word' id='word_1_178' title='bbox 553 3081 688 3146; x_wconf 81' lang='lat' dir='ltr'><strong>Nostri</strong></span> <span class='ocrx_word' id='word_1_179' title='bbox 709 3081 857 3153; x_wconf 84' lang='lat' dir='ltr'><strong>scurrilia,</strong></span> <span class='ocrx_word' id='word_1_180' title='bbox 880 3081 964 3142; x_wconf 86' lang='lat' dir='ltr'><strong>lusus</strong></span> 
     </span>
     <span class='ocr_line' id='line_1_26' title="bbox 215 3181 1158 3266; baseline -0.001 -19"><span class='ocrx_word' id='word_1_181' title='bbox 215 3187 388 3259; x_wconf 72' lang='lat' dir='ltr'><strong>verbenam,</strong></span> <span class='ocrx_word' id='word_1_182' title='bbox 409 3183 488 3258; x_wconf 82' lang='lat' dir='ltr'><strong>male</strong></span> <span class='ocrx_word' id='word_1_183' title='bbox 509 3181 588 3248; x_wconf 86' lang='lat' dir='ltr'><strong>salsa</strong></span> <span class='ocrx_word' id='word_1_184' title='bbox 610 3193 750 3266; x_wconf 81' lang='lat' dir='ltr'><strong>erepant3</strong></span> <span class='ocrx_word' id='word_1_185' title='bbox 773 3189 804 3245; x_wconf 92' lang='lat' dir='ltr'><strong>et</strong></span> <span class='ocrx_word' id='word_1_186' title='bbox 825 3182 985 3245; x_wconf 88' lang='lat' dir='ltr'><strong>dummodo</strong></span> <span class='ocrx_word' id='word_1_187' title='bbox 1007 3181 1158 3248; x_wconf 85' lang='lat' dir='ltr'><strong>abundent</strong></span> 
     </span>
     <span class='ocr_line' id='line_1_27' title="bbox 213 3281 987 3366; baseline -0.005 -16"><span class='ocrx_word' id='word_1_188' title='bbox 213 3288 313 3361; x_wconf 83' lang='lat' dir='ltr'><strong>Risus,</strong></span> <span class='ocrx_word' id='word_1_189' title='bbox 334 3287 454 3366; x_wconf 80' lang='lat' dir='ltr'><strong>inilatau</strong></span> <span class='ocrx_word' id='word_1_190' title='bbox 475 3284 550 3361; x_wconf 87' lang='lat' dir='ltr'><strong>(sola</strong></span> <span class='ocrx_word' id='word_1_191' title='bbox 572 3284 647 3348; x_wconf 87' lang='lat' dir='ltr'><strong>haee</strong></span> <span class='ocrx_word' id='word_1_192' title='bbox 668 3293 716 3348; x_wconf 88' lang='lat' dir='ltr'><strong>est</strong></span> <span class='ocrx_word' id='word_1_193' title='bbox 736 3288 819 3360; x_wconf 86' lang='lat' dir='ltr'><strong>cura)</strong></span> <span class='ocrx_word' id='word_1_194' title='bbox 842 3281 987 3348; x_wconf 80' lang='lat' dir='ltr'><strong>cucullus.</strong></span> 
     </span>
     <span class='ocr_line' id='line_1_28' title="bbox 214 3384 944 3468; baseline -0.008 -16"><span class='ocrx_word' id='word_1_195' title='bbox 214 3387 464 3452; x_wconf 67' lang='lat' dir='ltr'><strong>maturascens</strong></span> <span class='ocrx_word' id='word_1_196' title='bbox 486 3386 551 3458; x_wconf 84' lang='lat' dir='ltr'><strong>talis</strong></span> <span class='ocrx_word' id='word_1_197' title='bbox 574 3384 663 3448; x_wconf 89' lang='lat' dir='ltr'><strong>cubat</strong></span> <span class='ocrx_word' id='word_1_198' title='bbox 684 3385 757 3460; x_wconf 87' lang='lat' dir='ltr'><strong>ales,</strong></span> <span class='ocrx_word' id='word_1_199' title='bbox 780 3393 822 3458; x_wconf 90' lang='lat' dir='ltr'><strong>ut,</strong></span> <span class='ocrx_word' id='word_1_200' title='bbox 844 3384 944 3468; x_wconf 90' lang='lat' dir='ltr'><strong>ipsum</strong></span> 
     </span>
     <span class='ocr_line' id='line_1_29' title="bbox 214 3485 963 3569; baseline -0.008 -17"><span class='ocrx_word' id='word_1_201' title='bbox 214 3491 246 3552; x_wconf 88' lang='lat' dir='ltr'><strong>Si</strong></span> <span class='ocrx_word' id='word_1_202' title='bbox 267 3489 371 3569; x_wconf 86' lang='lat' dir='ltr'><strong>vulgus</strong></span> <span class='ocrx_word' id='word_1_203' title='bbox 392 3487 498 3562; x_wconf 84' lang='lat' dir='ltr'><strong>videat,</strong></span> <span class='ocrx_word' id='word_1_204' title='bbox 521 3487 668 3566; x_wconf 79' lang='lat' dir='ltr'><strong>gauderes</strong></span> <span class='ocrx_word' id='word_1_205' title='bbox 690 3505 822 3560; x_wconf 84' lang='lat' dir='ltr'><strong>eernere,</strong></span> <span class='ocrx_word' id='word_1_206' title='bbox 845 3485 963 3567; x_wconf 86' lang='lat' dir='ltr'><strong>qualem</strong></span> 
     </span>
    </p>

    <p class='ocr_par' dir='ltr' id='par_1_10' title="bbox 160 3587 880 3672">
     <span class='ocr_line' id='line_1_30' title="bbox 160 3587 880 3672; baseline -0.008 -18"><span class='ocrx_word' id='word_1_207' title='bbox 160 3621 165 3634; x_wconf 89' lang='lat'>·</span> <span class='ocrx_word' id='word_1_208' title='bbox 212 3591 372 3672; x_wconf 80' lang='lat' dir='ltr'><strong>liispeotet</strong></span> <span class='ocrx_word' id='word_1_209' title='bbox 392 3589 518 3662; x_wconf 85' lang='lat' dir='ltr'><strong>reniam,</strong></span> <span class='ocrx_word' id='word_1_210' title='bbox 541 3588 626 3669; x_wconf 85' lang='lat' dir='ltr'><strong>eujus</strong></span> <span class='ocrx_word' id='word_1_211' title='bbox 648 3587 756 3650; x_wconf 87' lang='lat' dir='ltr'><strong>ddueia</strong></span> <span class='ocrx_word' id='word_1_212' title='bbox 778 3588 880 3652; x_wconf 83' lang='lat' dir='ltr'><strong>erevit.</strong></span> 
     </span>
    </p>

    <p class='ocr_par' dir='ltr' id='par_1_11' title="bbox 213 3687 1119 4179">
     <span class='ocr_line' id='line_1_31' title="bbox 213 3687 998 3774; baseline -0.006 -19"><span class='ocrx_word' id='word_1_213' title='bbox 213 3691 259 3755; x_wconf 82' lang='lat' dir='ltr'><strong>ub</strong></span> <span class='ocrx_word' id='word_1_214' title='bbox 281 3708 370 3774; x_wconf 80' lang='lat' dir='ltr'><strong>quam</strong></span> <span class='ocrx_word' id='word_1_215' title='bbox 391 3689 533 3753; x_wconf 75' lang='lat' dir='ltr'><strong>stultitiae</strong></span> <span class='ocrx_word' id='word_1_216' title='bbox 554 3697 668 3754; x_wconf 87' lang='lat' dir='ltr'><strong>tantum</strong></span> <span class='ocrx_word' id='word_1_217' title='bbox 689 3695 841 3768; x_wconf 72' lang='lat' dir='ltr'><strong>grassatur</strong></span> <span class='ocrx_word' id='word_1_218' title='bbox 861 3687 893 3750; x_wconf 90' lang='lat' dir='ltr'><strong>in</strong></span> <span class='ocrx_word' id='word_1_219' title='bbox 915 3688 998 3762; x_wconf 85' lang='lat' dir='ltr'><strong>orbe,</strong></span> 
     </span>
     <span class='ocr_line' id='line_1_32' title="bbox 215 3789 1019 3874; baseline -0.007 -18"><span class='ocrx_word' id='word_1_220' title='bbox 215 3795 251 3856; x_wconf 88' lang='lat' dir='ltr'><strong>llt</strong></span> <span class='ocrx_word' id='word_1_221' title='bbox 271 3793 337 3856; x_wconf 88' lang='lat' dir='ltr'><strong>sine</strong></span> <span class='ocrx_word' id='word_1_222' title='bbox 358 3799 436 3855; x_wconf 87' lang='lat' dir='ltr'><strong>testo</strong></span> <span class='ocrx_word' id='word_1_223' title='bbox 457 3791 519 3854; x_wconf 87' lang='lat' dir='ltr'><strong>ullo</strong></span> <span class='ocrx_word' id='word_1_224' title='bbox 541 3791 663 3872; x_wconf 88' lang='lat' dir='ltr'><strong>oupient</strong></span> <span class='ocrx_word' id='word_1_225' title='bbox 683 3790 883 3874; x_wconf 86' lang='lat' dir='ltr'><strong>quodeunque</strong></span> <span class='ocrx_word' id='word_1_226' title='bbox 905 3789 1019 3872; x_wconf 84' lang='lat' dir='ltr'><strong>pacisci</strong></span> 
     </span>
     <span class='ocr_line' id='line_1_33' title="bbox 214 3891 1119 3974; baseline -0.004 -16"><span class='ocrx_word' id='word_1_227' title='bbox 214 3895 409 3958; x_wconf 86' lang='lat' dir='ltr'><strong>Promissum.</strong></span> <span class='ocrx_word' id='word_1_228' title='bbox 451 3893 547 3974; x_wconf 81' lang='lat' dir='ltr'><strong>litque</strong></span> <span class='ocrx_word' id='word_1_229' title='bbox 568 3892 636 3956; x_wconf 90' lang='lat' dir='ltr'><strong>ideo</strong></span> <span class='ocrx_word' id='word_1_230' title='bbox 657 3911 782 3973; x_wconf 83' lang='lat' dir='ltr'><strong>porcum</strong></span> <span class='ocrx_word' id='word_1_231' title='bbox 805 3891 1000 3972; x_wconf 80' lang='lat' dir='ltr'><strong>pinguescere</strong></span> <span class='ocrx_word' id='word_1_232' title='bbox 1022 3891 1119 3954; x_wconf 87' lang='lat' dir='ltr'><strong>saneti</strong></span> 
     </span>
     <span class='ocr_line' id='line_1_34' title="bbox 214 3991 1080 4076; baseline -0.001 -19"><span class='ocrx_word' id='word_1_233' title='bbox 214 3996 348 4060; x_wconf 74' lang='lat' dir='ltr'><strong>Vidimus</strong></span> <span class='ocrx_word' id='word_1_234' title='bbox 369 3998 489 4070; x_wconf 76' lang='lat' dir='ltr'><strong>Antonl,</strong></span> <span class='ocrx_word' id='word_1_235' title='bbox 511 4003 600 4076; x_wconf 88' lang='lat' dir='ltr'><strong>atque</strong></span> <span class='ocrx_word' id='word_1_236' title='bbox 621 3991 697 4056; x_wconf 89' lang='lat' dir='ltr'><strong>alios</strong></span> <span class='ocrx_word' id='word_1_237' title='bbox 717 3993 777 4054; x_wconf 84' lang='lat' dir='ltr'><strong>hoe</strong></span> <span class='ocrx_word' id='word_1_238' title='bbox 798 3993 835 4054; x_wconf 90' lang='lat' dir='ltr'><strong>de</strong></span> <span class='ocrx_word' id='word_1_239' title='bbox 858 4009 955 4072; x_wconf 85' lang='lat' dir='ltr'><strong>grege,</strong></span> <span class='ocrx_word' id='word_1_240' title='bbox 978 3991 1080 4072; x_wconf 85' lang='lat' dir='ltr'><strong>porois</strong></span> 
     </span>
     <span class='ocr_line' id='line_1_35' title="bbox 216 4095 994 4179; baseline -0.009 -19"><span class='ocrx_word' id='word_1_241' title='bbox 216 4097 348 4179; x_wconf 73' lang='lat' dir='ltr'><strong>Peiores,</strong></span> <span class='ocrx_word' id='word_1_242' title='bbox 370 4096 477 4159; x_wconf 89' lang='lat' dir='ltr'><strong>solitos</strong></span> <span class='ocrx_word' id='word_1_243' title='bbox 498 4113 561 4158; x_wconf 90' lang='lat' dir='ltr'><strong>non</strong></span> <span class='ocrx_word' id='word_1_244' title='bbox 580 4115 670 4158; x_wconf 85' lang='lat' dir='ltr'><strong>nuens</strong></span> <span class='ocrx_word' id='word_1_245' title='bbox 692 4095 824 4176; x_wconf 86' lang='lat' dir='ltr'><strong>pendere</strong></span> <span class='ocrx_word' id='word_1_246' title='bbox 846 4111 994 4155; x_wconf 90' lang='lat' dir='ltr'><strong>nummos.</strong></span> 
     </span>
    </p>
   </div>
   <div class='ocr_carea' id='block_1_5' title="bbox 91 4227 1300 4452">
    <p class='ocr_par' dir='ltr' id='par_1_12' title="bbox 91 4227 1300 4452">
     <span class='ocr_line' id='line_1_36' title="bbox 169 4227 1300 4326; baseline -0.002 -26"><span class='ocrx_word' id='word_1_247' title='bbox 169 4231 284 4307; x_wconf 82' lang='lat' dir='ltr'><strong>Verum</strong></span> <span class='ocrx_word' id='word_1_248' title='bbox 311 4233 478 4306; x_wconf 75' lang='lat' dir='ltr'><strong>enimvero</strong></span> <span class='ocrx_word' id='word_1_249' title='bbox 506 4255 581 4305; x_wconf 88' lang='lat' dir='ltr'><strong>oum</strong></span> <span class='ocrx_word' id='word_1_250' title='bbox 613 4254 681 4303; x_wconf 93' lang='lat' dir='ltr'><strong>non</strong></span> <span class='ocrx_word' id='word_1_251' title='bbox 714 4229 748 4301; x_wconf 94' lang='lat' dir='ltr'><strong>id</strong></span> <span class='ocrx_word' id='word_1_252' title='bbox 775 4253 931 4326; x_wconf 78' lang='lat' dir='ltr'><strong>agamus,</strong></span> <span class='ocrx_word' id='word_1_253' title='bbox 958 4236 996 4302; x_wconf 90' lang='lat' dir='ltr'><strong>ut</strong></span> <span class='ocrx_word' id='word_1_254' title='bbox 1020 4227 1205 4300; x_wconf 86' lang='lat' dir='ltr'><strong>Dantem</strong></span> <span class='ocrx_word' id='word_1_255' title='bbox 1231 4247 1300 4298; x_wconf 91' lang='lat' dir='ltr'><strong>non</strong></span> 
     </span>
     <span class='ocr_line' id='line_1_37' title="bbox 91 4345 1300 4452; baseline -0.003 -32"><span class='ocrx_word' id='word_1_256' title='bbox 91 4347 146 4420; x_wconf 82' lang='lat' dir='ltr'><strong>tols</strong></span> <span class='ocrx_word' id='word_1_257' title='bbox 166 4351 273 4448; x_wconf 90' lang='lat' dir='ltr'><strong>modo,</strong></span> <span class='ocrx_word' id='word_1_258' title='bbox 298 4375 382 4452; x_wconf 84' lang='lat' dir='ltr'><strong>quos</strong></span> <span class='ocrx_word' id='word_1_259' title='bbox 407 4350 567 4426; x_wconf 86' lang='lat' dir='ltr'><strong>maximae</strong></span> <span class='ocrx_word' id='word_1_260' title='bbox 594 4359 781 4450; x_wconf 84' lang='lat' dir='ltr'><strong>temporum</strong></span> <span class='ocrx_word' id='word_1_261' title='bbox 807 4346 949 4448; x_wconf 83' lang='lat' dir='ltr'><strong>injuriae</strong></span> <span class='ocrx_word' id='word_1_262' title='bbox 974 4345 1156 4440; x_wconf 81' lang='lat' dir='ltr'><strong>vexabant,</strong></span> <span class='ocrx_word' id='word_1_263' title='bbox 1181 4366 1300 4443; x_wconf 84' lang='lat' dir='ltr'><strong>aequa·</strong></span> 
     </span>
    </p>
   </div>
   <div class='ocr_carea' id='block_1_6' title="bbox 0 0 1567 5162">
    <p class='ocr_par' dir='ltr' id='par_1_13' title="bbox 0 0 1567 5162">
     <span class='ocr_line' id='line_1_38' title="bbox 0 0 1567 5162; baseline 0 0"><span class='ocrx_word' id='word_1_264' title='bbox 0 0 1567 5162; x_wconf 95' lang='lat' dir='ltr'><strong> </strong></span> 
     </span>
    </p>
   </div>
  </div>
 </body>
</html>
