3136 5164
559 391 740 444 runotrontr
758 393 825 444 XXX.

1035 487 1302 500 ψ

188 612 233 675 Ad
254 618 374 691 portum
392 610 498 691 jussos
520 609 603 672 olavo
625 617 800 672 convertere
822 627 940 683 narem,

156 721 225 784 stn
247 721 319 783 lacit
339 721 389 782 hio
410 722 498 794 imus,
520 720 602 782 stetit
622 727 712 799 atque
733 719 895 782 immobilis
916 719 1029 793 lraesit;

189 831 275 893 'lunc
297 829 544 911 populosiores,
565 829 617 908 qui
639 829 753 908 primus
775 839 899 892 venerat
920 829 999 890 inter

189 941 340 1021 Grpphum
362 941 499 1019 interque
521 939 630 1018 ipsum,
652 939 902 1017 circumspectare
922 939 1106 1019 quadrigam,

188 1051 256 1114 Non
279 1069 367 1112 secus
389 1057 479 1130 atque
500 1065 586 1111 suern
606 1065 721 1128 pacem.
765 1047 811 1120 Et,
834 1067 890 1110 ceu
911 1049 1022 1111 missus
1044 1049 1081 1110 ab
1103 1048 1172 1122 alto,

188 1161 287 1222 Unus:
308 1159 438 1240 Sponsa,
459 1164 530 1222 ueni
549 1177 588 1220 eu
608 1151 741 1220 Libanai
761 1165 809 1220 ter
829 1155 961 1220 tinnulus
983 1177 1035 1220 ore

143 1277 173 1330 to
190 1270 357 1342 concinuit,
379 1276 520 1348 totusque
543 1268 653 1331 chorus
676 1268 805 1330 clamore
827 1267 969 1328 secundo.

233 1379 344 1452 Quales
366 1397 507 1459 supremo
529 1378 615 1440 erciti
638 1371 785 1454 clangore
798 1375 877 1438 beati

188 1490 315 1552 Carcere
338 1488 466 1570 quisque
488 1507 543 1550 suo
565 1493 689 1565 surgent
708 1493 965 1566 properantor‚·et
986 1492 1068 1548 artus

187 1601 284 1679 litque
305 1599 412 1660 iterum
434 1597 566 1659 indutam
587 1595 761 1659 relevabunt
782 1595 915 1674 pondere
938 1612 1074 1668 carnem3

188 1709 277 1771 Tales
300 1707 399 1769 divino
422 1707 453 1767 in
476 1725 565 1773 curru
587 1723 723 1769 arrexere
743 1704 873 1768 ministri

75 1790 78 1815 ¹
141 1826 171 1880 lt
188 1817 314 1880 Centeni
335 1823 472 1879 aeternae
494 1835 562 1878 cum
584 1815 669 1878 turba
691 1815 853 1894 interprete
876 1814 953 1876 ritae

186 1932 283 1991 Aures
305 1927 341 1990 ad
363 1944 466 1988 vocem
488 1926 562 1988 tanti
583 1925 727 2000 senioris3
751 1933 781 1986 et
802 1941 905 1986 omnes

188 2037 370 2118 spargentes
392 2037 499 2098 llores:
522 2035 710 2106 Benedictus,
730 2051 804 2096 voco
825 2033 999 2096 fremebant.

191 2147 256 2220 Qua·
274 2139 380 2208 venial
400 2145 543 2218 unanimi,
566 2152 613 2208 et:
636 2144 778 2207 Manibus
801 2144 868 2206 dote
891 2142 956 2206 lilio
974 2139 1096 2222 plenis!

231 2257 327 2336 Saepe
350 2254 464 2317 oriente
486 2254 535 2318 die
556 2261 680 2335 partem,
703 2271 778 2333 quae
799 2252 945 2332 prospicit
965 2252 1066 2324 ludos,
1202 2261 1220 2282 ·

138 2377 171 2430 ao
187 2365 324 2444 Undique
345 2383 527 2445 purpuream
547 2364 616 2438 vidi,
638 2363 823 2444 pulchreque
844 2379 994 2434 somnum,

75 2452 79 2599 Ι
188 2474 340 2556 Quidquid
361 2475 493 2538 restabat
513 2474 600 2548 coeli,
623 2482 712 2554 atque
734 2492 769 2536 os
791 2471 865 2534 solis
887 2471 959 2534 oriri

186 2584 308 2647 Umbris
329 2581 532 2664 praecinctum
554 2585 608 2658 sio,
630 2591 671 2658 ut,
694 2583 768 2644 mihi
790 2583 878 2644 dante
899 2598 1041 2662 raporum

187 2693 356 2774 Temporis,
378 2693 459 2756 hunc
480 2695 614 2774 perterre
636 2693 687 2756 diu
708 2711 775 2754 mea
795 2692 907 2755 lumina
927 2701 1061 2772 possent.

186 2805 239 2866 Sic
260 2804 338 2866 intra
359 2803 470 2866 nubem
492 2803 649 2868 salientum
671 2803 708 2866 ad
731 2801 829 2864 sidera
850 2802 968 2876 llorum,

137 2921 169 2976 25
185 2913 328 2992 Angelius
350 2921 510 2994 spargente
530 2929 630 2988 manu,
652 2921 742 2992 atque
763 2913 871 2974 iterum
892 2912 972 2974 intus
995 2919 1025 2974 et
1045 2919 1127 2976 extra

185 3022 362 3096 Labeatum,
384 3022 554 3103 praecincta
576 3022 642 3086 olea
662 3023 760 3086 velum
782 3040 874 3102 super
895 3019 994 3083 album

185 3132 309 3195 Adstitit
329 3141 398 3195 ante
420 3132 525 3195 oculos
546 3131 670 3194 viridem
690 3132 840 3194 referente
862 3129 994 3192 colorem

185 3243 220 3304 ln
242 3242 342 3305 tunica
364 3241 482 3305 mulier.
526 3243 586 3304 Sed
609 3259 685 3323 quae
707 3240 872 3303 consistere
894 3247 977 3302 sueta
1015 3237 1023 3251 “

184 3351 270 3415 llens
292 3351 375 3425 milri,
398 3361 519 3432 umque
540 3353 593 3415 diu
613 3369 768 3433 praesens,
790 3350 861 3412 dum
882 3349 962 3410 hanc
983 3367 1107 3412 cernere
1128 3367 1229 3412 coram

137 3468 169 3522 tu
186 3462 324 3538 Contigit,
346 3462 426 3525 haud
447 3461 509 3524 ullo
532 3460 699 3542 trepidabat
719 3461 813 3522 tracta
835 3467 974 3539 stuporec

183 3572 329 3634 Virtutem
351 3580 485 3653 propter,
508 3589 583 3652 quae
604 3569 722 3634 occulta
743 3569 843 3632 exibat
863 3568 901 3631 ab
922 3570 989 3643 ista,

184 3682 271 3744 ilicet
291 3682 406 3762 antiqui
426 3683 485 3744 rim
506 3699 645 3761 magnam
667 3680 762 3742 sensit
783 3680 903 3744 amoris.

184 3792 251 3854 ltlta
273 3791 362 3853 simul
384 3791 477 3854 virtus
499 3791 649 3871 percussit
670 3789 781 3852 lumina
802 3790 895 3862 usus,

185 3901 315 3964 Vulnere
338 3919 414 3982 quae
435 3909 542 3980 pectus
563 3900 637 3962 milri
655 3900 717 3980 jam
739 3900 909 3973 confixerat,
932 3906 1015 3960 ante-

136 4021 168 4076 at
185 4009 284 4085 Quam
305 4011 403 4090 primo
424 4029 473 4072 me
495 4011 570 4073 tlore
592 4009 735 4073 excedere
753 4009 879 4088 jusserit
899 4017 1000 4081 aetasc

185 4120 254 4195 Quo
276 4137 353 4200 puer
373 4119 411 4181 ad
433 4127 557 4182 matrem
578 4119 660 4183 vultu
682 4119 836 4182 contendit
857 4117 1010 4188 anhelans,

73 4168 77 4339 i
185 4231 217 4292 Si
241 4229 310 4310 quis
331 4230 409 4292 torte
430 4230 521 4292 tinor
542 4229 695 4292 solitusve
716 4229 879 4292 accesserit
899 4243 1015 4306 aegrum

73 4342 76 4445 J
184 4339 299 4404 nnius
320 4339 356 4402 ad
378 4339 491 4403 laevam
513 4359 561 4402 me
582 4340 666 4414 reru,
687 4339 763 4402 haec
782 4336 872 4400 rerba
894 4343 1015 4418 paratus

72 4448 684 4564 L-——s—
