3124 5170
542 470 734 523 immolauit
751 471 839 524 mli·

188 693 294 773 lapsi,
317 701 347 754 et
368 691 465 754 adbuc
486 709 603 761 murum
625 690 719 753 direxi
741 689 851 752 lumina
873 692 910 753 ad
932 691 1038 754 altum:

187 804 347 883 Prospice,
370 808 403 863 ut
425 787 554 873 incedis,
577 801 677 862 subito
697 801 772 862 baec
792 818 848 862 vox
867 801 948 863 reuit
969 802 1004 864 ad
1028 821 1123 876 aures,

141 921 172 972 et
188 915 268 975 Neve
290 920 378 992 eaput
400 913 525 972 fratrum
546 911 724 974 miserorum
745 917 866 990 protere
887 910 1006 990 plantis.

190 1024 287 1097 Quare
311 1039 365 1100 ago
387 1021 520 1100 respexi,
544 1028 632 1100 atqua
654 1020 757 1081 oeulos
780 1037 847 1082 sese
868 1019 976 1082 obtulit
997 1029 1073 1094 ante,

81 1100 84 1186 l
189 1131 250 1194 Sub
273 1131 460 1212 pedibusque
482 1131 565 1192 loeus
586 1129 680 1206 glaeie
702 1137 860 1192 concretus
883 1130 980 1203 inerti,

80 1206 83 1325 l
188 1243 286 1304 Durus
308 1242 363 1313 ita,
386 1249 418 1302 ut
439 1240 505 1302 vitri
526 1240 642 1318 potius,
666 1255 755 1318 mam
775 1238 874 1299 mollis
896 1239 993 1319 image

80 1336 83 1447 l
189 1351 278 1412 Esset
299 1369 403 1429 aquae.
446 1349 512 1411 Non
535 1349 578 1410 sie
600 1349 693 1410 denso
713 1348 857 1410 velamina
879 1365 998 1410 cursum

80 1470 83 1605 *y
143 1465 173 1518 ta
189 1461 267 1523 Ister
288 1459 432 1532 contexit,
456 1460 506 1539 qui
528 1457 755 1538 praeterlabitur
775 1475 878 1535 agrum

189 1571 392 1640 dustriaeum,
415 1576 464 1631 aut
486 1568 594 1631 Tanais
616 1568 704 1644 rigidi
726 1565 782 1630 sub
804 1567 902 1630 sidere
924 1569 1010 1640 eoeli,

80 1622 83 1769 1
189 1679 226 1742 Ut
247 1680 330 1741 laeus
351 1679 401 1741 bie
422 1677 529 1740 stabat.
574 1677 660 1751 Quod
682 1679 708 1740 si
732 1676 861 1757 collapsa
883 1678 999 1740 ruinam

188 1789 274 1852 Vasta
297 1789 487 1860 Tabemieci‚
509 1797 561 1850 ant
581 1789 765 1867 Petrapanae
787 1787 920 1866 pondere
941 1795 1005 1848 toto

189 1899 348 1986 Traxisset
363 1897 474 1972 mules,
498 1897 577 1960 baud
598 1896 690 1958 ullum
712 1897 827 1976 spendo
850 1897 984 1959 dedisset

143 2021 173 2073 at)
189 2008 251 2072 Sub
274 2027 345 2072 easu
367 2009 522 2088 crepitum.
565 2007 608 2069 dc
627 2006 718 2070 ueluti
739 2015 798 2068 slat
818 2025 889 2068 rana
911 2025 1038 2068 coaxans

190 2119 275 2182 Rietu
297 2127 378 2180 extra
400 2129 552 2194 stagnum,
575 2135 643 2178 eum
663 2117 746 2195 virgo
767 2117 878 2178 rustica
901 2135 990 2195 saepe

191 2229 327 2291 Somniat
347 2228 377 2289 in
400 2227 492 2290 sardeis
514 2245 547 2288 se
568 2227 668 2306 spicas
689 2227 733 2288 ira
755 2225 912 2305 legentem,

84 2404 87 2423 Ι
190 2338 316 2402 Stabant
335 2337 475 2410 liventes,
498 2337 689 2410 illactenus,
711 2335 791 2398 unde
812 2335 935 2415 pudoris

190 2450 343 2528 Apparanl
364 2447 463 2525 signa,
485 2448 516 2508 in
538 2444 642 2525 gelidis
664 2443 861 2524 stringoribus
882 2445 978 2508 amnis

84 2610 86 2621 .
144 2563 174 2618 ³5
191 2557 318 2620 Umbrae
341 2563 509 2619 extenuatae
530 2555 627 2628 luctu,
648 2555 813 2635 dentesque
835 2553 953 2616 eiebant

83 2716 86 2729 .
192 2668 339 2731 Conllietu
360 2667 391 2728 in
413 2683 583 2739 numerum,
607 2675 640 2728 nt
658 2665 817 2744 peregrina
841 2664 955 2726 ciconia
976 2673 1116 2726 rostrum.

190 2778 309 2840 Vultum
331 2795 467 2857 quaeque
488 2793 574 2838 suum
596 2773 705 2852 figebat
725 2793 812 2836 versa
834 2773 989 2836 deorsum:

189 2888 339 2964 Augurem
361 2905 412 2959 os,
434 2903 487 2948 eor
508 2886 593 2948 triste
614 2884 694 2946 oculi
715 2892 871 2946 testantur.
913 2887 951 2946 At
973 2883 1071 2946 omnia

190 2998 227 3060 Ut
249 2995 461 3075 circumspexi,
483 2994 588 3056 demisi
610 2994 721 3056 lumina
743 3011 890 3074 quaerens

143 3124 175 3176 lo
191 3107 336 3170 inferiora
357 3105 432 3168 meis
453 3105 577 3184 pluatis,
600 3104 817 3183 simulacraque
837 3103 896 3166 ridi

193 3219 279 3280 Stare
301 3217 361 3278 duo
383 3216 427 3277 sic
447 3215 548 3295 juncta
570 3213 642 3287 sibi,
666 3231 856 3292 connexaque
879 3213 919 3274 ita
940 3221 1028 3284 arete,

190 3327 228 3390 llt
250 3326 339 3388 simul
360 3325 510 3387 immistus
532 3325 637 3403 capide
659 3323 737 3403 pilus
759 3330 840 3386 esset
861 3323 988 3401 utrique.

234 3437 350 3508 Ores,
374 3436 424 3515 qui
447 3434 583 3514 premitis
604 3434 649 3494 sic
669 3441 792 3513 pectora
813 3440 930 3505 mutuo,
954 3431 1022 3503 dixi,

193 3547 250 3620 Qui
272 3565 340 3617 vos,
364 3553 394 3607 et
415 3544 563 3624 quodnam
585 3539 702 3622 genus?
723 3575 764 3588 -
786 3541 831 3604 llli
853 3543 973 3604 liemare
996 3540 1071 3602 eolla

144 3665 175 3720 45
191 3658 224 3718 ln
247 3675 295 3718 me
318 3653 441 3717 sublatis
463 3653 568 3714 oculis.
613 3652 688 3714 Tum
709 3651 810 3714 mollia
830 3652 958 3732 primum

191 3767 215 3827 ll
236 3763 366 3826 lacrimis
388 3763 485 3838 intus,
507 3764 655 3826 tluxerunt
676 3761 786 3824 lumina
808 3761 898 3840 guttis

190 3875 287 3937 Labra
309 3891 416 3954 supra,
438 3881 468 3936 at
488 3872 598 3950 glacies
621 3872 686 3934 illas
708 3872 827 3934 oculum
849 3873 927 3934 inter
947 3878 1104 3950 utrumque

83 4002 86 4017 ¹
190 3985 314 4063 Frigore
337 3991 491 4046 concretas
513 3981 682 4056 adstrinxit,
706 3991 736 4043 et
756 3981 832 4044 ostia
853 3981 936 4042 visus

193 4094 336 4156 Oeelusit.
379 4093 536 4173 Nunquam
558 4093 602 4154 sic
624 4091 706 4169 ligno
728 4091 886 4154 adnectere
907 4090 1018 4168 lignum

84 4220 86 4233 ·
144 4209 176 4264 5⁰
191 4205 224 4266 lli
246 4203 375 4265 subscus
397 4201 496 4264 valuit.
542 4202 640 4275 Quare
661 4202 692 4262 bi
714 4219 748 4264 se
770 4202 867 4264 fronte
887 4201 1028 4281 petebant

191 4314 322 4375 Adversa
344 4312 478 4385 alternis,
502 4312 653 4374 hircorum
674 4329 758 4373 more
780 4312 936 4384 duernm,'

192 4423 286 4486 Tanta
307 4423 352 4485 ira
373 4422 429 4484 boa
451 4421 529 4485 vicit
573 4422 648 4484 Tum
669 4439 761 4494 rmus,
786 4421 833 4483 cui
855 4419 948 4498 leigun
969 4427 1108 4498 utraeque
