3116 5162
262 418 333 464 xnn
786 395 960 448 emmeno.

365 584 541 658 Saeculum
566 583 767 656 sedecimum
793 581 898 656 literis
916 580 1042 653 Latinis
1069 605 1147 679 prae
1181 583 1331 682 cauieris.
1349 583 1506 676 deditum,

265 715 298 778 ei
323 704 408 778 sacri
435 703 592 776 carminis
618 701 725 793 cultu,
752 711 882 798 praeter
909 709 1078 792 nostrum,
1112 700 1192 772 nulli
1228 701 1429 795 secundum,
1466 727 1506 775 ne

264 847 363 896 unam
390 823 522 920 quidem
549 820 684 893 Divinae
705 818 902 892 Comoediae
928 819 1114 890 versionem
1130 817 1280 891 Latinam
1307 820 1436 912 tulisse,
1459 833 1508 892 est

168 1036 171 1044 ,
265 941 353 1040 quod
380 939 550 1013 miremur.
602 937 802 1010 Cbiabrerae
828 960 905 1010 vero
932 935 1115 1034 Marinique
1142 948 1321 1010 sectatores
1347 963 1367 1010 a
1393 937 1506 1011 llantis

265 1060 374 1133 studio
402 1057 504 1132 luisse
531 1058 669 1148 alienos,
696 1054 1008 1129 commemoratione
1033 1056 1086 1126 vix
1109 1055 1246 1151 indiget
1280 1055 1506 1130 Reviriscenie

221 1245 227 1266 ,
266 1179 353 1251 circa
379 1176 510 1250 initium
537 1175 658 1248 saeculi
686 1173 805 1246 decimi
832 1173 937 1246 octavi
964 1183 1125 1245 castarum
1144 1173 1313 1247 Musarum
1329 1185 1364 1246 et
1380 1176 1505 1272 priscae

262 1284 406 1394 'poeseos
431 1318 556 1388 amore,
583 1293 730 1365 feliciora
757 1291 891 1386 ingenia
918 1292 1011 1362 novis
1037 1291 1210 1364 conatibus
1236 1293 1276 1364 ad
1291 1292 1505 1388 dlligberium

265 1423 392 1512 patrem
429 1437 504 1485 sese
538 1421 780 1484 convertemnt.
839 1409 876 1482 ln
911 1432 1051 1505 quornm
1084 1433 1222 1482 numero
1256 1435 1323 1483 non
1357 1410 1505 1485 intimum

266 1544 356 1606 certe
382 1532 490 1605 locum
518 1529 649 1602 Canobo
675 1527 837 1612 domnam
864 1527 1076 1600 tribuendum
1103 1553 1176 1601 esse
1204 1552 1392 1622 censemus,
1421 1532 1504 1620 licet,

265 1650 417 1724 Latinam
444 1672 545 1745 quum
573 1647 696 1720 iaceret
720 1647 871 1720 Divinam
889 1646 1113 1740 Comoediam,
1141 1647 1352 1722 aemulationi
1377 1649 1506 1746 elegan-

266 1771 386 1841 tiarum
414 1766 557 1839 Nasonis
583 1765 657 1862 plus
684 1789 788 1862 aequo
816 1764 945 1837 dederit
955 1769 1003 1860 Ἶ.

389 2052 430 2066 ·-
451 2052 493 2064 -
516 2051 555 2062 —
578 2017 718 2080 Geminas
741 2027 841 2080 tamen
864 2017 950 2080 anxia
973 2037 1042 2080 cura

339 2139 371 2187 '15
389 2119 525 2182 Soliciiat
546 2119 666 2182 novisse
688 2118 822 2192 umbras,
846 2137 920 2200 quas
943 2119 1052 2200 impete
1075 2131 1176 2202 raptas

389 2221 541 2284 Trrrbineo
562 2221 622 2283 hnc
643 2221 737 2301 adigit
758 2229 881 2294 ventum
903 2220 956 2282 sed
979 2220 1118 2284 cominus
1140 2223 1264 2286 adsunt:

339 2337 371 2386 80
389 2323 552 2402 Aggredior
574 2321 640 2394 lari,
662 2321 779 2384 monuit
801 2341 860 2401 quo
883 2322 1014 2386 carmine
1036 2323 1134 2384 Vates.

389 2425 447 2506 oh,
469 2423 547 2504 agite
568 2423 725 2486 unanimes
747 2423 872 2496 animae,
896 2443 970 2503 quas
992 2424 1056 2504 ipsa
1079 2425 1192 2488 volutat

389 2527 489 2588 Poena
512 2541 618 2606 pares3
641 2523 722 2584 tandi
745 2531 792 2584 est
813 2524 838 2584 si
862 2525 958 2604 copia,
982 2525 1079 2587 sistite
1103 2544 1232 2590 cursum.

388 2626 436 2700 Ut,
459 2625 593 2688 studiosa
616 2631 700 2684 vocat
722 2623 837 2685 sobolis
859 2642 932 2705 quas
956 2643 1035 2700 cura,
1058 2628 1211 2692 columbas

390 2725 525 2789 Immotis
546 2724 672 2786 reduces
695 2723 731 2785 ad
758 2732 828 2785 nota
850 2725 957 2788 cubilia
980 2728 1088 2807 pennis

389 2826 488 2888 Prolis
509 2843 594 2888 amor
614 2825 704 2900 nebit,
727 2827 859 2888 occultas
882 2835 911 2888 et
933 2829 1044 2890 suiticit
1067 2830 1145 2891 alas:

340 2949 372 2998 ss
389 2927 457 2990 Non
479 2946 576 3002 secus,
599 2927 711 2989 excitae
733 2926 842 2990 blando
864 2947 1003 2990 sermone
1023 2931 1167 3004 vocantis,

389 3029 542 3092 Exsiluere
564 3029 642 3090 leves
666 3029 796 3104 umbrae,
820 3029 971 3110 sociisque
994 3031 1106 3094 relictis

389 3133 466 3194 bera
485 3149 541 3211 per
562 3147 685 3192 coecum
708 3139 924 3212 approperant3
948 3151 1015 3194 mox
1039 3133 1130 3196 altera
1153 3137 1245 3199 latur:

392 3232 537 3312 Quisquis
559 3249 601 3304 es,
624 3231 768 3294 iulonnes
790 3231 880 3295 Erebi
902 3231 1029 3296 lustrare
1051 3253 1189 3298 recessus

392 3334 487 3408 Quem
509 3333 604 3413 pietas
627 3332 731 3412 tetigit,
753 3341 933 3415 nostrosque
956 3335 1090 3400 ediscere
1113 3355 1210 3412 casus,

341 3457 374 3506 stt
392 3435 525 3508 Quomm
548 3433 642 3494 lumat
663 3432 758 3496 adbuc
781 3435 847 3495 tuso
870 3434 907 3500 de
930 3437 1074 3514 sangnine
1097 3438 1193 3509 tellus,

393 3534 539 3615 optarim,
561 3533 619 3595 nisi
643 3532 725 3596 laeva
746 3535 845 3598 lorent
867 3537 938 3598 mibi
961 3537 1097 3612 Numina,
1121 3540 1198 3618 tanti,

392 3633 521 3699 Sedibus
543 3635 573 3697 in
597 3635 715 3714 superis
737 3645 855 3698 maneat
876 3646 905 3699 te
928 3637 1018 3716 gratia
1040 3640 1119 3702 iacti.

342 3755 374 3805 95
392 3736 477 3798 Nunc
498 3735 587 3798 liceat
609 3744 707 3814 gratas
729 3737 841 3811 audire,
865 3747 895 3800 et
916 3739 1042 3803 reddero
1063 3761 1162 3814 voces,

392 3838 467 3898 llum
489 3837 568 3898 senti
590 3855 728 3916 posuere.
773 3837 842 3900 llies
865 3839 937 3901 mibi
959 3841 1056 3922 prima
1077 3843 1195 3906 reiulsii

393 3937 534 4000 Tabiiicis
557 3939 680 4001 horrent
701 3938 753 4000 ubi
776 3939 862 4002 foeda
883 3939 1041 4021 paludibus
1064 3964 1141 4018 arva,

289 4120 300 4128 ,
329 4119 339 4128 ,
346 4116 696 4128 -.-...----—.-

337 4227 362 4286 *i
380 4225 513 4284 Sufficiens,
531 4239 594 4289 quos
611 4227 748 4276 recudimus
766 4241 862 4288 versus,
881 4229 911 4279 ad
929 4231 1082 4282 refutandam
1101 4235 1234 4286 doctissimi
1254 4237 1403 4290 columbi
1422 4240 1507 4290 listi·

270 4312 382 4364 nensis
401 4323 507 4360 errorem
526 4309 649 4372 (bibliogr.
668 4327 693 4376 p.
713 4309 786 4370 245),
812 4314 962 4364 narrationes
979 4315 1009 4366 de
1033 4318 1159 4370 Freneisea
1183 4328 1206 4371 et
1223 4321 1253 4372 ds
1272 4323 1358 4374 comite
1378 4325 1506 4388 ilgoiiuoa

271 4395 357 4447 Carolo
371 4393 486 4458 Aquinate
504 4393 686 4456 prosternimus
705 4409 758 4445 esse
776 4397 888 4460 putantis.
992 4389 999 4402 ⁶
