3124 5170
513 441 704 491 turtuuonutt
723 441 819 490 xxviii.

79 632 81 663 ¹
170 660 319 732 tersatur,
342 677 493 740 nunquam
515 657 604 720 veliet
625 658 750 734 vidisse,
773 659 891 721 vocabit

168 769 255 830 Hos
247 789 278 830 m
301 787 511 848 congressum,
534 767 721 848 efficietque,
744 778 776 828 ut
798 777 863 830 vota
886 785 1028 848 precesve

167 879 228 939 Non
252 897 328 957 opus
350 879 399 939 his
422 887 508 940 vento
531 878 572 939 sit
592 878 709 939 mittere
731 878 924 940 Phocaeensi

167 987 239 1049 Huic
261 1005 332 1066 ego:
355 989 416 1049 Fue
436 997 601 1059 monstres,
625 1000 655 1049 et
676 989 713 1048 da
735 987 808 1048 mihi
831 989 947 1050 discere
968 1007 1068 1068 posse

124 1102 152 1155 tt
168 1098 198 1158 Si
219 1117 266 1158 me
288 1099 366 1160 sorte
388 1105 471 1158 tuum
492 1097 538 1157 vis
560 1113 668 1157 nomen
691 1098 768 1158 terre
790 1098 846 1160 snb
869 1117 972 1172 auras:

167 1207 306 1287 Ecquis
297 1227 325 1268 rs
347 1215 409 1278 est,
433 1205 507 1268 adeo
528 1205 624 1267 visum
647 1217 818 1268 exsecratus
840 1204 995 1268 amarum?

157 1311 218 1377 lile
239 1335 328 1377 manu
349 1316 478 1396 arripuit
498 1315 573 1377 socii
597 1317 704 1377 malam
727 1335 838 1398 oraque
860 1316 973 1396 pandit,

168 1425 355 1488 Exclamans:
378 1424 434 1486 Hic
457 1435 560 1486 est—
574 1443 703 1505 3neque
724 1425 854 1488 hiantem
877 1426 966 1487 verba
988 1434 1162 1507 sequuntur.

74 1596 76 1625 Ι
169 1535 302 1596 Caesaris
323 1535 373 1596 hic
395 1535 494 1596 animo
517 1533 663 1596 dubitanti
687 1537 788 1598 fraena
809 1535 940 1609 resolvit,

75 1653 156 1704 to
170 1646 218 1708 Sic
239 1647 332 1707 fatus:
355 1644 465 1706 Noouit
486 1663 605 1723 semper
626 1644 746 1706 differre
770 1645 890 1724 paratis.

74 1782 76 1799 1
169 1757 258 1836 Atque
281 1753 336 1815 oh!
361 1771 450 1834 mam
472 1753 545 1814 mihi
567 1753 648 1816 visus
671 1765 734 1816 erat
755 1753 914 1826 formidine
935 1755 1039 1826 vietus,

74 1834 76 1883 ἶ
168 1865 198 1926 In
216 1865 319 1944 jugulo
343 1872 464 1924 truncus
486 1863 616 1942 linguam
638 1864 683 1925 sie
704 1865 927 1936 turicremam,

75 1980 77 1993 ¹
169 1973 273 2036 Cumo!
298 1974 373 2042 'Etim
396 1973 533 2035 manibus
555 1973 698 2034 mutilatis
720 1973 795 2035 aiter
816 1975 959 2054 utrisque,

74 2124 75 2141 i
167 2085 238 2144 Aera
260 2103 317 2164 per
338 2083 455 2144 tuscum
478 2082 585 2144 totiens
609 2083 757 2145 foedantia
780 2083 891 2145 vultum

125 2203 152 2256 tt
168 2193 239 2255 Ossa
263 2194 459 2265 lacertorum,
482 2193 559 2253 hanc
581 2193 681 2254 eduxit
702 2201 822 2272 pectore
845 2211 963 2256 rocem·

166 2303 262 2365 Musca
286 2314 335 2364 tua
359 2311 477 2364 maneat
498 2301 610 2382 pariter
629 2301 684 2364 tibi
706 2311 805 2364 mente
827 2311 975 2383 repostus,

168 2413 217 2474 Cui
241 2412 406 2492 quondam,
429 2411 487 2472 heu
510 2411 633 2472 nimium
655 2411 782 2473 misero!
806 2431 860 2473 vor
882 2411 992 2475 excidit
1013 2413 1086 2475 iste:

168 2523 252 2584 Facta
276 2522 352 2584 riam
376 2521 541 2594 invenient,
565 2522 645 2601 quod
667 2522 748 2600 genti
769 2541 871 2584 semen
894 2523 1056 2586 Hetruseae

69 2686 72 2711 ,
170 2631 264 2694 Triste
288 2631 353 2695 suit
398 2631 581 2711 Generisque
604 2631 645 2692 tui
669 2648 824 2694 commune
847 2632 1054 2712 sepulchrum!

115 2749 155 2802 1111
169 2741 330 2821 Respondi.
375 2742 474 2815 Quare
495 2740 561 2814 ille,
584 2759 639 2828 suo
661 2739 740 2804 hunc
762 2742 880 2803 etiam
873 2761 997 2823 insuper
1018 2745 1130 2807 addens

69 2878 71 2899 ι
169 2851 346 2925 Memorem,
370 2851 453 2914 ilenti
476 2851 583 2914 similis
605 2823 772 2931 similisque
796 2851 905 2913 furenti

169 2961 265 3057 Fugit,
289 2961 406 3041 etipse
428 2961 497 3022 steti
519 2961 645 3041 cupidus
667 2969 804 3042 spectare
826 2969 983 3024 catervam.

207 3073 244 3134 Et
264 3091 314 3134 res
336 3071 435 3135 oblata
458 3081 518 3145 est,
541 3089 629 3152 quam
651 3089 698 3133 me
719 3089 840 3132 narrare
860 3079 974 3133 vetaret

169 3183 232 3264 lpse
254 3182 359 3255 timor,
383 3181 463 3244 nullo
485 3199 601 3243 meeum
625 3188 768 3254 testante·
791 3179 874 3241 sed'
866 3198 932 3259 ipsa

115 3299 155 3352 111
169 3293 292 3355 Conscia
315 3309 400 3352 mens
422 3291 498 3363 veri,
521 3309 621 3352 comes
643 3290 770 3370 optima,
793 3299 877 3352 sueta
896 3290 998 3371 juvare

169 3402 290 3464 Auxiiiis
311 3401 479 3474 hominem,
501 3401 549 3462 cui
571 3419 626 3481 pro
648 3401 770 3461 thorace
792 3399 926 3462 dedisset

65 3498 67 3519 '
169 3513 212 3574 Nil
234 3511 373 3575 conscire
394 3510 452 3572 sibi
475 3529 535 3572 non
557 3529 678 3590 purum,
701 3509 742 3571 mi
765 3511 864 3572 omnia
888 3519 947 3572 tuta

169 3623 311 3684 Praestat.
354 3621 418 3700 Ego
439 3619 499 3682 vidi
522 3628 621 3693 certe,
642 3619 803 3699 videorque
825 3620 926 3684 videre

62 3720 66 3805 i
167 3732 248 3795 Nunc
271 3732 376 3804 etiam,
400 3738 534 3791 nuncum
556 3749 612 3810 per
631 3749 664 3791 se
687 3729 785 3810 capite
806 3729 849 3791 ire
872 3728 989 3792 revulso

61 3816 65 3877 i
112 3842 238 3904 lltCum
260 3840 387 3920 reliquis
409 3857 498 3918 grege
521 3841 557 3901 de
582 3839 674 3912 tristi3
698 3846 907 3920 arreptumque
930 3839 1046 3919 capillis
1151 3849 1155 3858 '

59 3942 64 4051 Ι
167 3951 338 4012 Abscissum
362 3961 451 4030 eaput
471 3949 537 4030 ipse
558 3967 648 4012 manu
669 3949 818 4029 pendente
840 3949 962 4021 serebat,

59 4054 63 4213 p
167 4060 264 4122 Instar
285 4060 432 4131 laternae,
456 4079 572 4140 nosque
593 4058 666 4120 illud
687 4057 799 4120 lumine
821 4068 947 4138 utroque

169 4171 329 4250 Spectans:
352 4169 398 4231 Me
420 4168 577 4231 miserum!
601 4176 706 4249 questu
729 4168 884 4248 repetebat
905 4185 1014 4230 amaro.

167 4279 233 4360 lpse
255 4280 359 4342 aderat
379 4279 499 4342 lucerna
522 4279 598 4353 sibi3
621 4279 787 4356 geminatus
809 4278 840 4338 in
862 4297 931 4351 uno,

1279 3674 1282 3713 1

1279 3728 1282 3805 t

1279 3809 1282 3893 i

1279 4188 1282 4293 i

113 4387 154 4443 ltt
168 4388 199 4450 ln
222 4390 340 4468 gemino
363 4388 502 4469 simplex:
527 4389 578 4470 qui
599 4390 664 4462 fiat,
688 4387 803 4450 noverit
824 4387 884 4462 itte.
1231 4330 1282 4597 j

55 4556 960 4600 g———m-..-u———m—--fflss
995 4582 1015 4587 -·
1034 4581 1044 4586 “
1110 4582 1220 4592 -··““--·--
