3142 5166
324 397 384 462 102
755 401 935 450 rnncnrnnn
954 401 1001 450 vn.

384 619 592 691 Adsumsissc,
615 617 688 680 iicet
709 617 840 698 rciiquas
862 635 972 680 novare
995 637 1116 680 sorores

334 740 366 792 ³5
383 730 534 792 immunes
556 727 633 800 vitii,
655 735 686 790 ct
707 735 830 790 cunctas
851 734 920 792 suut
941 728 998 790 ritu
1020 728 1126 790 secuti.

428 841 534 900 Verum
556 839 582 900 ni
605 837 666 900 acio
687 847 775 917 atqua
797 845 899 917 potos,
923 837 1071 917 quoddam
1092 853 1197 900 cxscrc
1219 837 1309 901 nobis

385 949 545 1022 indicium,
567 956 601 1010 ut
621 947 708 1010 dotur
728 946 932 1010 conscendere
954 947 1110 1024 Purgatori

383 1058 427 1119 nd
449 1058 579 1138 primum
600 1057 688 1120 otius
709 1057 803 1136 magis
824 1065 893 1136 apto
915 1055 1155 1120 tramitelimen.

426 1166 506 1230 Nulli
529 1174 608 1228 cortu
630 1165 753 1240 domus,
775 1166 946 1248 respondit,
970 1173 1000 1228 ct
1021 1166 1065 1228 irc
1088 1165 1212 1228 iacuitaa

333 1287 368 1339 td
385 1279 437 1340 Est
459 1278 525 1339 data
546 1276 587 1338 mi
609 1294 729 1338 sursum
750 1289 785 1338 ac
807 1275 900 1348 circa,
923 1275 1088 1356 ductorque
1109 1284 1240 1356 paratus,

386 1389 450 1462 Qua
470 1404 604 1466 possum,
627 1383 747 1448 accedo.
792 1385 851 1448 sad
870 1386 931 1466 jam
954 1385 1167 1465 circumspice,
1187 1393 1222 1448 ut
1243 1385 1376 1461 umbrae,

385 1497 547 1560 inclinante
569 1493 631 1568 die,
654 1494 844 1567 incumbant,
867 1513 924 1558 ncc
945 1495 1097 1558 sundere·
1112 1503 1202 1558 noctu
1224 1504 1280 1558 cot

387 1607 485 1680 Qnarc
508 1606 541 1666 iit
561 1605 640 1668 bona
662 1604 816 1668 suadentis
838 1605 1004 1668 consistere
1025 1603 1103 1668 bade

388 1715 510 1779 Consilii
532 1715 619 1778 ratio.
662 1714 746 1778 Stant
767 1715 868 1776 dcatru
889 1715 920 1776 in
942 1723 1025 1796 parto
1047 1722 1178 1778 remotcc

336 1831 370 1888 to
387 1825 463 1886 iiiuc
484 1824 613 1896 animae,
635 1824 672 1886 ad
694 1843 817 1904 quantun
840 1824 927 1887 statui
949 1833 979 1886 tc
1001 1823 1148 1886 adducore
1171 1823 1297 1897 oociuru,

387 1935 419 1997 Si
442 1934 532 2006 sinis,
554 1941 643 2013 atquc
665 1933 736 1996 tans
757 1933 836 1996 haud
859 1941 887 1996 tc
910 1933 1029 1996 nouisse
1051 1933 1173 2013 pigebit.

432 2044 489 2118 Qui
511 2041 567 2106 fit?
587 2061 767 2123 rosponsum
780 2051 843 2106 ‘cat
881 2043 961 2121 Ergo
983 2043 1187 2107 conscendore
1208 2051 1347 2108 crontcm

387 2153 484 2216 Noctu
505 2153 550 2215 vis
571 2151 669 2232 aliqua
690 2147 856 2233 impediet?
879 2152 929 2214 Vei
951 2153 1017 2226 tici,
1040 2160 1073 2214 ut
1094 2154 1150 2216 isto

387 2263 454 2327 Nou
476 2259 587 2344 queat?
609 2293 649 2308 —
671 2263 709 2326 Et
730 2262 821 2342 digito
846 2261 943 2326 iricuit
963 2261 1062 2326 bonus
1083 2263 1181 2326 iadicc
1203 2271 1314 2326 terram

338 2382 372 2436 dt
388 2373 575 2436 Sonuuuuos.
618 2373 693 2434 iicin
715 2373 774 2434 sic:
796 2371 937 2446 advorto,
960 2372 1036 2434 hacc
1055 2371 1135 2436 iiuca
1155 2371 1220 2435 coia

388 2483 473 2546 iiand
494 2481 549 2545 tibi
569 2490 640 2563 post
660 2481 772 2544 obitum
795 2480 869 2544 sciis
891 2481 1069 2561 superabilis
1090 2491 1187 2558 caoctq

388 2593 454 2656 Nou
477 2593 546 2674 quio
567 2592 730 2672 quidquam
750 2591 829 2654 aliud
851 2609 934 2654 mora
956 2591 995 2654 ait
1017 2591 1122 2654 odioaa
1143 2601 1248 2674 parato

389 2703 553 2774 Scandere,
577 2721 666 2781 quam
688 2701 791 2778 nigror
811 2701 923 2764 denuc
945 2701 1072 2780 caiiqiuc
1092 2703 1211 2777 nonin

388 2812 469 2874 liaeo
490 2811 599 2873 iruatrn
620 2810 728 2873 adoino
752 2819 854 2874 contm
875 2811 1006 2874 studium
1028 2811 1160 2893 impiicat
1181 2829 1280 2876 omne.

339 2931 373 2984 dt
390 2921 458 3002 ipsc
480 2919 615 3000 quidem,
637 2919 767 3000 otiqnantc
788 2919 861 2994 iota,
883 2919 1067 2984 descendero
1088 2923 1190 3002 quirun

391 3032 507 3094 Circum
530 3037 560 3092 ct
581 3029 737 3108 supposito
758 3029 880 3109 spatiari
901 3030 933 3092 in
955 3030 1032 3094 coilo
1053 3031 1196 3110 vagando,

389 3141 465 3203 lium
486 3156 593 3222 reaper
614 3138 723 3202 claudit
745 3139 849 3202 solem.
891 3139 1011 3203 iiiraouo
1031 3141 1069 3208 ad
1091 3141 1156 3204 istn¹

390 3251 466 3312 'iunr
488 3250 562 3312 dux:
583 3249 661 3327 Ergo
684 3248 754 3312 iiiuc
775 3249 926 3324 duodus,
948 3251 1118 3330 respoudit,
1139 3258 1170 3312 ct
1191 3249 1252 3314 iiiic

391 3359 544 3424 Stantibuo
566 3366 738 3431 occurrent,
761 3377 837 3438 quac
858 3377 915 3422 noa
935 3359 1048 3422 ridiaac
1064 3359 1189 3442 juvabit.

340 3469 374 3522 ⁰⁰
431 3469 494 3532 Noc
514 3468 619 3550 procui
640 3468 711 3532 iudo
732 3469 851 3531 aliorum
873 3469 998 3531 counitos
1020 3477 1089 3548 post
1111 3478 1192 3549 tergo
1214 3477 1345 3544 secunao,

391 3579 463 3642 Cum
485 3577 558 3640 mihi
580 3595 667 3640 mona
688 3577 781 3640 minui
803 3586 852 3642 cat
870 3579 967 3650 risun,
991 3597 1050 3659 qno
1072 3597 1157 3642 moro
1177 3579 1316 3642 recidunt

391 3687 447 3750 iiic
466 3687 569 3749 vaiics.
611 3685 700 3759 iiiuc,
724 3688 764 3752 ait
785 3687 835 3749 ida
854 3689 974 3762 anima,
996 3688 1115 3764 idioma,
1137 3689 1269 3770 amplum

391 3797 491 3860 Ciiruu
513 3795 563 3860 nbi
585 3796 730 3876 gremium
752 3795 911 3872 submittit,
933 3797 1036 3878 ibiquc
1057 3797 1208 3862 novellum

389 3905 527 3969 Proderit
548 3913 718 3985 exspectare
739 3906 828 3970 diem.
872 3908 954 3972 Situs
975 3908 1054 3974 intcr
1073 3917 1242 3988 utrumque,

340 4021 374 4076 dd
390 4015 546 4078 iiiiiiciicm
568 4023 598 4077 ct
618 4014 755 4094 pianum,
777 4035 834 4080 noa
855 4016 939 4082 duait
959 4017 996 4080 ad
1018 4018 1110 4082 ardua
1132 4019 1215 4100 ripae

390 4125 424 4188 iu
446 4123 523 4188 iatns
544 4123 684 4204 obliquus
706 4132 831 4200 uanos,
855 4145 913 4207 qua
934 4127 1035 4192 deiicit
1056 4129 1148 4192 iatum

390 4233 461 4297 Pina
484 4253 572 4316 quam
593 4233 748 4296 dimidium
768 4235 863 4300 limini.
904 4238 1002 4300 iiam
1023 4255 1125 4312 aurea,
1146 4237 1213 4318 puri

390 4344 511 4420 Argenti
533 4345 614 4407 nitor
634 4354 665 4410 ct
686 4363 810 4410 coccum
830 4365 1027 4428 cerussaque,
1049 4347 1191 4430 quodque
