3136 5164
318 397 381 462 308
786 397 920 449 rintorsr
940 399 966 450 r.

384 615 435 678 Sic
456 633 489 677 ee
511 613 639 696 subjecit
660 621 763 688 totum,
786 622 907 694 totoque
928 623 1062 696 peratum

333 733 366 789 tt
383 724 490 788 Gratus
511 732 621 796 mente,
642 723 747 798 anima,
770 731 803 785 ut
825 723 946 802 digessi,
967 726 1026 788 hac
1047 725 1115 788 talia
1138 725 1229 798 lente,

381 835 429 896 lle
451 841 560 906 totum3
582 841 613 894 et
633 851 717 894 meus
739 833 884 894 exardens
907 853 941 896 se
963 835 1065 916 injecit
1085 835 1117 896 in
1139 835 1222 898 illum

382 944 474 1005 'lotus
497 961 582 1004 emor
603 941 656 1020 sic,
680 950 712 1005 ut
734 941 882 1004 delectum
905 962 994 1024 passe
1016 941 1154 1008 &annu

382 1052 482 1114 Oblito
504 1051 661 1114 exciderit:
684 1070 782 1130 neque
804 1069 869 1114 eom
891 1060 989 1116 tamen
1011 1053 1054 1114 ira
1075 1051 1254 1126 momordit,

382 1163 441 1226 Sed
465 1163 509 1224 sic
531 1159 662 1233 subrisit,
686 1159 794 1222 ridenti
815 1169 847 1222 ut
869 1161 900 1224 in
923 1180 975 1223 ore
997 1162 1138 1223 renidens

332 1278 367 1330 ott
381 1271 517 1352 Limpide
539 1271 588 1332 lux
609 1269 660 1332 uni
682 1267 869 1350 conjunctam
893 1271 924 1332 in
945 1269 1073 1351 plurima
1093 1279 1223 1332 mentem

383 1384 430 1445 Sit
449 1380 557 1470 partita
579 1398 684 1440 meam.
728 1377 892 1458 Plerosque
915 1397 972 1468 ego
994 1397 1118 1442 cernere
1138 1379 1232 1454 uiros,

381 1491 600 1568 vincentesque
622 1488 707 1566 ignes
730 1507 796 1550 sum
818 1489 909 1561 risus,
934 1488 982 1571 qui
1007 1487 1080 1553 orbe
1102 1506 1231 1552 coronae

382 1599 521 1680 Expanso
543 1597 659 1659 medios
681 1615 737 1660 nos
759 1598 935 1660 circumiere
957 1597 1055 1672 rotati,

383 1709 462 1771 Voce
483 1707 577 1784 magis
599 1705 712 1780 dulces,
736 1725 824 1786 quam
845 1706 941 1769 risum
963 1707 1030 1770 luce
1052 1706 1175 1790 cientes.

333 1821 367 1878 6⁵
426 1816 478 1880 Sic
499 1835 555 1877 nos
576 1816 689 1878 Latona
711 1815 842 1894 genitam
864 1815 1042 1897 quandoque
1063 1815 1197 1878 ridemus

383 1926 460 1990 dere
481 1935 540 1988 tam
561 1924 682 2002 gravido
705 1923 842 1991 cinctam.
865 1935 898 1986 ut
920 1933 1032 1988 tantum
1054 1943 1106 1988 ora
1127 1925 1253 1989 ridenda

384 2035 490 2098 Ultima
512 2036 551 2100 sit
572 2052 674 2098 zonae.
718 2033 810 2110 Coeli,
833 2035 911 2098 unde
934 2044 1076 2110 revertor,
1099 2036 1218 2106 inaula

385 2147 477 2227 Copia
499 2163 682 2224 gemmemm
703 2145 836 2223 pretiosa
859 2151 890 2206 et
910 2144 1035 2226 pulchre
1057 2153 1195 2208 coruscat

384 2254 477 2328 Talis,
499 2263 531 2316 ut
552 2253 704 2315 advectam
724 2253 803 2314 haud
825 2252 914 2316 liceat
935 2253 1102 2316 subducere
1123 2273 1234 2334 regno;

333 2376 367 2429 70
384 2365 626 2447 splendoresque
648 2361 691 2424 illi
713 2361 894 2425 resonabunt
915 2363 1051 2426 cantibus
1073 2363 1156 2426 illas:

384 2475 441 2549 Qui
464 2493 525 2536 non
546 2481 699 2536 tranantes
721 2470 792 2532 illuc
815 2471 873 2534 sibi
896 2473 1057 2554 sumpserit
1078 2471 1148 2546 alas,

381 2583 522 2646 Notitiam
543 2582 615 2644 hinc
635 2589 761 2656 maneat,
782 2589 864 2643 muto
887 2591 1033 2655 osmonte,
1056 2581 1212 2644 novellam.

384 2693 543 2772 Postquam
564 2691 607 2754 illi
630 2687 768 2762 ardentes
790 2690 930 2753 modulati
953 2691 1028 2753 haec
1050 2691 1180 2754 munina
1203 2691 1284 2754 soles

383 2801 443 2863 Ter
464 2820 520 2862 nos
543 2801 725 2888 circumiere,
748 2799 827 2864 velut
849 2819 925 2880 quae
947 2801 1094 2863 stantibus
1117 2811 1197 2864 estro

332 2919 365 2974 75
382 2889 530 2974 Volvuntu
565 2909 661 2971 vicine
682 2908 770 2989 polis,
791 2887 866 2971 milri
888 2910 970 2972 risus
991 2909 1097 2972 adesse

382 3019 541 3084 Femineus
563 3019 673 3080 chorus
695 3027 750 3091 est,
773 3019 824 3099 qui
846 3019 978 3082 noudum
999 3019 1065 3100 lege
1087 3017 1203 3082 solutus

382 3131 427 3193 Sit
450 3129 584 3202 choreae,
608 3128 755 3210 taciteque
776 3128 902 3192 arrectis
922 3129 1045 3192 auribus
1066 3129 1172 3204 adstat,

382 3239 482 3319 Usque
504 3257 597 3302 nores
619 3246 737 3320 eeqitaro
759 3245 845 3300 notas
867 3237 937 3300 dum
959 3240 1046 3320 eopia
1068 3239 1164 3302 detur.

380 3349 475 3428 loque
497 3367 557 3410 uno
579 3367 615 3410 er
637 3347 721 3427 ipsis,
745 3356 778 3408 ut
800 3347 891 3421 sensi,
915 3347 993 3411 clara
1014 3348 1132 3430 loquela

330 3464 365 3518 8⁰
380 3457 433 3519 Sic
455 3458 568 3538 coepit:
591 3456 738 3531 Quoniam
761 3455 884 3522 coelesti
906 3457 999 3535 gratia
1020 3457 1173 3520 abundans

380 3566 516 3638 Lumine,
539 3567 618 3646 quod
640 3569 703 3627 reri
724 3567 858 3630 dammas
880 3567 1015 3629 accendit
1036 3567 1157 3642 amoris,

380 3674 419 3736 Et
440 3674 507 3754 plus
529 3674 672 3755 augescit,
695 3694 754 3755 quo
777 3674 845 3756 plus
867 3695 920 3738 cor
941 3675 1006 3738 uuit
1027 3677 1165 3754 amantis,

382 3784 573 3866 Multiplicata
596 3784 649 3846 tibi
670 3783 792 3858 arridet,
814 3803 850 3848 eo
872 3794 951 3848 tantu
973 3785 1109 3866 refulget,

381 3893 419 3955 Ut
440 3901 468 3956 te
490 3912 545 3973 per
565 3892 660 3956 scalas
682 3892 780 3956 isthuc
801 3893 956 3958 adduxerit
976 3894 1052 3970 illas,

331 4011 365 4068 85
383 4002 476 4076 (lueis
498 4003 562 4064 sine
584 4019 723 4080 regressu
746 4023 833 4066 nemo
857 4003 1045 4066 descenderit
1065 4023 1209 4088 uuqnam;

383 4112 441 4187 Qui
463 4111 515 4174 tihi
538 4109 575 4174 de
597 4113 718 4192 propria
740 4111 839 4192 phiala
862 4133 915 4176 sus
936 4113 1003 4174 vine
1025 4123 1148 4194 negaret

381 4223 539 4304 Erpletura
561 4221 650 4295 sitim,
674 4222 718 4284 sic
738 4221 824 4296 liber,
847 4232 879 4285 ut
900 4241 1006 4302 agmen
1028 4241 1180 4303 aquarum,
1560 4295 1561 4310 χ

381 4332 478 4404 Esset,
501 4330 580 4411 quod
602 4348 730 4412 pronum
752 4331 843 4394 maris
864 4331 943 4394 haud
965 4351 999 4395 se
1019 4333 1152 4395 immittit
1172 4333 1202 4396 in
1224 4353 1347 4416 sequor.

262 4410 655 4542 ΚΜ
666 4474 1485 4546 ..ὴ-,4
