3142 5166
307 409 366 472 lad
763 347 1477 461 rnneaW———i

322 640 356 692 tu
373 626 488 698 Clivus,
511 645 598 706 quarn
620 645 655 687 ex
677 624 774 686 medio
797 622 833 685 ad
857 629 990 684 centrum
1012 620 1143 684 demissa
1166 619 1329 698 quadrante

372 737 474 800 Linea.
517 735 629 796 Lassus
651 752 745 806 eram,
768 749 835 795 cum
858 731 960 812 coepi:
983 730 1128 810 Respice,
1151 729 1249 790 dulcis

373 846 413 908 hi
433 853 532 926 pater,
555 851 641 923 atque
664 844 744 913 vide,
766 849 800 904 ut
820 859 925 903 maneo
945 842 1007 922 jam
1029 839 1127 912 solus,
1150 837 1201 901 uhi
1224 837 1301 902 ultra

375 953 552 1016 contendas.
595 952 665 1024 Fili,
688 951 858 1031 respondit,
881 967 986 1028 repere
1006 965 1098 1028 perge

375 1065 468 1144 Atque
491 1064 599 1124 accede
621 1061 733 1134 isthuc,
757 1060 919 1122 ostendens
941 1059 1073 1138 proxima
1095 1059 1179 1138 rupis

325 1185 357 1236 45
375 1173 469 1252 Terga
491 1171 704 1252 impendentis,
729 1188 803 1248 quac
825 1188 860 1230 ex
881 1169 930 1230 illa
952 1176 1035 1247 parte
1057 1168 1201 1243 rigentem

373 1281 511 1361 Undique
532 1290 663 1343 montem
684 1280 783 1343 ambit.
828 1278 916 1341 Tales
938 1277 1010 1339 mihi
1031 1275 1120 1338 rerba
1141 1277 1275 1354 magistri

374 1393 540 1454 Admorunt
560 1389 710 1460 stimulos,
733 1396 765 1451 ut
781 1389 863 1469 juxta
884 1389 963 1449 hunc
985 1387 1096 1448 niterer
1113 1387 1180 1466 ipse

375 1501 529 1582 Raptando
552 1517 645 1578 usque
668 1499 758 1571 adeo,
781 1497 877 1560 donec
898 1497 960 1558 saxi
982 1496 1078 1558 orbita
1099 1496 1166 1557 duri

376 1610 438 1674 son
459 1611 536 1690 pede
558 1626 663 1689 pressa
684 1625 752 1670 meo
774 1614 834 1681 est,
859 1613 888 1668 et
908 1606 949 1667 ihi
972 1605 1162 1668 consedimus
1184 1607 1272 1668 amhn

326 1729 359 1779 ⁵⁰
377 1720 482 1782 Ortum
503 1725 688 1798 spectantes,
712 1735 769 1796 qua
792 1735 828 1782 ex
848 1723 932 1796 parte
954 1715 1163 1778 adscendimus
1185 1725 1270 1790 ante;

375 1830 449 1891 Nam
467 1828 550 1909 jurat
571 1845 710 1888 emensos
732 1824 826 1888 oculis
848 1826 973 1887 lustrare
993 1824 1106 1886 viarum

375 1938 518 2000 Difficiles
540 1937 649 2012 derus3
672 1935 862 2016 subjectaque
884 1934 981 1996 littora
1003 1934 1131 2012 primum

375 2047 462 2126 Legi,
485 2045 593 2108 deinde
616 2038 720 2106 oculos
743 2063 797 2122 ego
821 2044 906 2124 coepi
929 2043 1035 2105 tollere
1057 2044 1088 2104 in
1111 2042 1209 2116 altum,

377 2156 420 2217 hd
442 2156 551 2228 solem,
575 2163 604 2218 at
624 2155 705 2218 laena
728 2154 806 2216 hunc
826 2151 958 2215 mirabar
977 2153 1090 2232 spicula
1108 2152 1184 2215 lucis

326 2275 359 2330 hh
375 2266 499 2332 Mittere.
542 2265 587 2326 hie
608 2269 690 2326 rates
712 2281 890 2342 suspensum
911 2263 1035 2325 haerere
1058 2271 1179 2342 stupore

376 2375 428 2438 Sat
448 2374 555 2446 sensit,
579 2373 648 2435 durn
670 2373 745 2434 lucis
768 2373 824 2434 iter
845 2373 976 2451 solisque
1000 2372 1111 2444 tuehar,

376 2483 462 2546 Hunc
482 2484 533 2545 uhi
555 2502 611 2545 nos
633 2484 711 2544 inter
731 2483 914 2562 Bonnamque
935 2482 1045 2544 intrare
1067 2481 1213 2544 ridebam.

376 2595 406 2656 Is
427 2594 514 2658 mihi:
538 2594 570 2657 si
592 2593 715 2672 gemini,
738 2592 865 2654 lucentia
886 2592 1000 2665 sidera,
1024 2593 1130 2652 tratres

377 2703 450 2766 Cum
472 2703 594 2783 speculo
616 2702 743 2764 ducente
762 2701 851 2784 jubar
872 2719 991 2763 sursum
1014 2709 1101 2780 atque
1124 2701 1265 2762 deorsum

327 2827 360 2879 hd
377 2812 440 2875 Una
462 2813 553 2884 irent,
575 2811 617 2873 ihi
638 2813 668 2873 in
690 2811 811 2890 obliquo
835 2810 1000 2874 curvamine
1022 2818 1137 2872 sentiam

376 2922 507 2984 Rubrum
529 2921 585 2986 iter
605 2920 776 3000 adspiceres
797 2921 937 3000 propius,
960 2921 1029 2982 dum
1052 2938 1085 2982 se
1107 2927 1197 2992 rotat,
1219 2937 1307 2982 ursas

378 3033 528 3110 stringere
550 3031 647 3094 adhuc
669 3047 771 3102 curru,
795 3029 854 3091 nisi
877 3029 953 3092 torte
975 3030 1005 3091 id
1026 3029 1142 3096 tramite
1165 3027 1260 3097 abiret

377 3142 516 3221 Antiquo.
559 3141 597 3201 ht
619 3158 672 3202 cur
692 3139 722 3202 id
744 3139 810 3212 hat,
834 3139 860 3200 si
882 3157 1005 3200 cernere
1027 3155 1118 3217 posse

378 3251 485 3331 optas,
508 3250 553 3312 iac
575 3258 672 3312 mente
694 3248 826 3311 attendas
848 3267 883 3310 ac
904 3249 983 3324 tinge
1004 3247 1128 3311 Sionem

326 3365 360 3418 da
377 3360 517 3434 Tanhrm,
540 3369 627 3439 atque
649 3359 728 3420 hunc
749 3365 879 3420 montem
900 3365 1043 3418 terrarum
1066 3357 1207 3420 exsistere
1229 3357 1259 3419 in
1282 3357 1357 3419 orhs

378 3470 443 3539 Sic,
465 3477 514 3540 ut,
536 3469 637 3548 quiin
659 3469 749 3548 plano
771 3474 962 3547 prospectum
984 3467 1123 3528 terminat
1143 3465 1261 3528 aethrae

378 3578 506 3642 Circius.
528 3578 662 3657 utrisque
684 3596 761 3640 unus
783 3584 897 3657 pateat,
920 3575 1096 3654 diversaque
1118 3575 1262 3654 sphaerae

375 3688 487 3749 Puncta
509 3687 626 3766 utrique
648 3687 775 3750 habeant
795 3685 915 3758 bifidae,
939 3693 1010 3746 tunc
1030 3685 1095 3766 ipse
1116 3684 1241 3757 ridebis,

378 3797 414 3860 Ut
435 3797 488 3869 sit,
509 3813 565 3876 per
586 3795 666 3875 quod
688 3795 745 3858 iter
764 3795 916 3857 Phaethon
938 3793 1015 3856 male
1038 3793 1149 3856 decidit
1169 3794 1260 3866 ausis,

327 3913 362 3965 tc
376 3905 453 3967 Huic
473 3906 564 3967 latere
586 3923 622 3966 ex
644 3903 702 3968 aiio
725 3904 770 3967 soi
793 3904 1038 3985 conspiciendus,
1061 3911 1092 3965 et
1113 3902 1157 3965 iili

375 4014 420 4076 Ex
440 4014 513 4086 aiio,
536 4015 615 4077 claro
637 4015 663 4074 si
684 4013 817 4076 advertas
839 4014 951 4076 lumine
972 4013 1090 4076 mentis.

419 4123 503 4186 Haud
524 4141 654 4202 unquam
676 4131 757 4185 cene
778 4141 828 4186 res
850 4141 945 4202 aeque
966 4131 1012 4184 est
1034 4121 1126 4194 edera,
1149 4121 1299 4200 magister,

377 4233 445 4295 Visa
466 4232 552 4304 mihi,
574 4241 662 4314 atque
684 4233 790 4304 modo,
813 4233 891 4306 (suxi,
915 4232 991 4294 hanc
1012 4231 1190 4310 dignoscere
1212 4231 1256 4294 ias
1279 4243 1342 4294 est:

378 4341 464 4416 erod
486 4342 569 4423 prins
591 4342 741 4422 ingenium
763 4341 834 4404 mihi
857 4352 919 4404 erat
939 4341 1038 4402 minus
1061 4341 1132 4402 utile
1152 4340 1259 4403 ristun.
1333 4373 1337 4378 ·
