3116 5162
579 387 582 397 ’
597 411 771 465 returns.

186 599 263 660 luno
284 598 327 660 sit
348 595 407 669 itte,
429 594 502 658 milri
524 595 625 660 nullus
646 597 735 660 dolor
754 596 846 660 altior
865 607 968 670 exstet,

225 700 373 780 Tempore
395 697 530 775 lelioi*),
553 715 641 778 quern
664 717 755 780 quum
764 698 981 762 reminiscitur
1001 700 1089 764 sonis

225 803 256 863 lo
279 801 399 862 misens
420 799 546 879 eliquisl
569 799 652 862 Tuus
673 799 733 862 hoo
754 799 878 862 tentarit
899 810 929 862 et
949 809 1062 864 ructu.

185 902 214 963 Si
236 903 325 963 modo
348 901 481 964 redicem
504 919 624 981 quoque
643 919 762 962 oausam
786 901 902 963 discere
923 901 1051 981 primum

125 1023 170 1072 tto
223 1003 313 1080 Ignis.
336 1003 437 1075 homo,
459 1001 555 1064 nostn'
577 1001 668 1064 tendo
691 1002 847 1064 silentibus
869 1009 965 1082 optes,

223 1105 308 1166 Sicut
330 1111 428 1182 egunt,
451 1103 568 1175 leuium,
591 1104 642 1182 qui
663 1104 737 1165 llent
758 1103 848 1165 simul
869 1111 959 1182 utque
979 1103 1156 1183 loquuntur:

183 1205 241 1266 llos
263 1204 470 1282 legitobernus
493 1203 620 1285 quodem
640 1205 797 1285 spatiendo
819 1203 943 1278 dierum,

222 1306 263 1368 Ile
285 1305 478 1378 Lsuoelooto
501 1323 536 1368 se
557 1305 678 1368 strinxit
699 1305 826 1386 qualiter
847 1305 945 1377 ordor,

221 1407 282 1468 llos
305 1415 474 1470 oteramus
496 1407 538 1468 ihi
560 1407 628 1480 soli,
651 1406 841 1488 suspeetibus
862 1406 986 1486 absque.

123 1525 169 1574 too
184 1507 331 1588 Compulit
352 1501 483 1569 'alternos
506 1507 611 1570 oeulos
633 1525 690 1570 nos
711 1524 835 1569 cernere
856 1516 993 1570 nostrum

222 1608 324 1671 Leotio
346 1625 439 1688 ssepe
460 1607 540 1675 libri,
562 1616 593 1670 et
613 1606 706 1670 looies
727 1607 841 1688 pollere
861 1608 970 1687 coegit.

222 1709 356 1790 Denique
379 1727 435 1770 nos
456 1708 542 1770 solus
561 1717 691 1790 punctus
713 1709 874 1772 connexuit
894 1709 983 1782 ultro,

185 1811 338 1892 Quumque
361 1817 548 1890 peroptatum
570 1811 685 1884 iaciens,
707 1827 764 1872 nos
786 1810 924 1888 legimus.
947 1810 1028 1872 illurn

221 1912 307 1974 Basia
329 1911 366 1974 ob
388 1929 442 1974 ore
462 1911 547 1992 prooi
569 1910 636 1973 talis
658 1911 803 1974 sumsisse
824 1911 959 1984 foventis,

123 2025 168 2077 tts
222 2014 290 2086 lste,
313 2011 388 2074 milri
410 2012 546 2076 sublatus
568 2013 625 2074 erit
646 2011 697 2092 qui
719 2021 854 2094 ternpore
876 2012 968 2084 nullo,

183 2115 277 2186 Grato,
301 2113 420 2175 labente
440 2114 517 2178 meis
538 2113 626 2175 molis
647 2113 729 2176 dedit
750 2114 852 2176 ossula
873 2113 973 2188 eorde,

221 2215 303 2276 Leno
327 2214 383 2276 luit
404 2211 561 2276 Gel'eootus
583 2215 643 2288 eis3
666 2215 720 2276 sed
743 2215 832 2276 lertio
854 2223 959 2278 noster
968 2218 1026 2291 “t

222 2317 275 2377 Ast
296 2316 327 2376 in
350 2334 384 2377 eo
408 2333 465 2376 nos
487 2313 573 2395 pluro
595 2315 644 2378 die
665 2333 726 2377 non
750 2315 876 2392 legimus
898 2313 972 2396 ipsil
995 2313 1038 2360 ’-

182 2417 327 2479 Panderet
349 2417 406 2478 iste
428 2415 503 2478 milri
526 2416 650 2496 querulo
671 2415 743 2478 dum
764 2417 887 2496 spiritus
909 2415 992 2488 alter,

124 2531 165 2582 tto
220 2517 304 2580 Alter
325 2517 414 2598 inops
436 2516 535 2590 floret
558 2517 645 2597 quasi
667 2514 777 2597 pietoto
798 2518 951 2583 fatiscens.
1068 2545 1071 2556 v

220 2619 289 2699 lpse
313 2619 355 2680 lui
377 2618 468 2680 veluti
490 2619 653 2682 moriturus
674 2620 813 2699 protinus
834 2637 944 2692 essent,

179 2720 321 2796 Qualiter,
345 2729 375 2784 et
397 2719 502 2794 recidi,
524 2720 586 2782 ruit
606 2719 679 2782 lrino
700 2739 736 2782 er
758 2739 832 2784 ense
853 2719 988 2784 oodorer.

156 3005 365 3080 Rontoniono
392 3007 489 3104 poulo
516 3008 684 3082 recentior
709 3019 744 3084 et
768 3009 880 3082 minus
906 3007 1045 3082 borbore
1071 3007 1201 3080 ridetur
1229 3029 1300 3080 ver·

78 3118 117 3192 sio
139 3126 259 3224 aliquot
286 3127 505 3224 capitulorum
522 3126 660 3220 Inferni,
687 3150 786 3226 quom
804 3151 844 3200 ex
862 3129 961 3201 uoieo
977 3125 1300 3198 Footooioiooo

75 3225 167 3316 codice
180 3243 667 3342 protraxitVirisnus***),
691 3245 850 3343 cujusque
876 3244 1068 3344 porticulum
1091 3243 1196 3315 doctis
1211 3242 1300 3316 notis

73 3353 249 3436 iliuslrotonr
290 3362 405 3435 recudi
447 3364 573 3436 curarit
602 3362 838 3437 celeberrimus
877 3362 1139 3458 Orellius†).
1193 3361 1300 3446 Quom

75 3475 249 3553 exhibentes
274 3507 292 3552 s
315 3481 515 3555 refutatione
540 3506 655 3556 eorum
684 3481 916 3556 abstinendum
945 3480 1131 3572 oredimus,
1155 3480 1211 3578 qui
1237 3481 1301 3553 hos

73 3613 170 3669 renus
191 3597 380 3672 inconditos
398 3601 661 3698 sententiamque
676 3601 779 3674 ltelioi
799 3599 954 3674 ourroiuis
976 3598 1136 3672 mendose
1158 3598 1301 3671 redden·

73 3717 112 3782 tes
138 3715 323 3810 legitimum
361 3717 535 3814 aliquunde
565 3717 738 3814 Alligherii
774 3729 904 3814 portum
938 3717 1128 3813 primosque
1162 3717 1300 3790 Divinae

72 3825 251 3906 Comoedioe
277 3845 414 3907 conotus
434 3834 684 3932 judicaverunt3
707 3835 874 3908 neminem
897 3841 986 3908 enirn
1008 3834 1106 3931 liujus
1131 3835 1300 3932 opinionis

71 3961 249 4025 uetenrem
273 3951 374 4026 hodie
396 3977 572 4050 superesse
589 3965 755 4054 putemus.

122 4184 144 4248 ⁸)
160 4187 252 4238 Sensus
271 4189 396 4252 genitivum
416 4205 517 4255 post-ure
534 4189 634 4240 ridetur.

120 4269 159 4332 “J
176 4273 236 4322 Cod.
253 4275 336 4324 rostri.
375 4273 436 4326 ttoro
454 4275 542 4325 nolis?

120 4351 175 4417 ω)
193 4357 225 4407 lo
242 4357 293 4407 llis.
313 4357 366 4408 Goon
391 4361 468 4422 qiurto
485 4359 509 4408 lo
527 4359 570 4410 les.
588 4360 625 4410 del
643 4360 694 4410 rod.
714 4357 872 4410 lortottmtmo
890 4357 909 4418 1,
925 4356 1054 4408 {tut-³⁰.

121 4436 150 4500 †)
168 4439 241 4490 lodex
259 4441 389 4492 lectionum
407 4443 431 4493 lo
449 4443 520 4494 leod.
539 4443 663 4494 Toricensi
681 4456 725 4506 per
742 4455 803 4492 soor.
821 4443 902 4496 sustin
923 4442 996 4494 1839.
1015 4441 1118 4494 mhend.
