3136 5164
438 365 441 370 ⁵
562 403 743 454 eueerroou
762 403 847 454 ιιιιι.
1123 349 1329 666 τῆ

199 623 240 694 Se
263 622 336 686 dare
358 621 496 685 iustrauti
518 629 634 702 poterat
655 639 725 701 pars
747 639 837 703 perra
858 622 1032 686 ridendam:
1093 585 1095 592 Ι

200 738 239 796 at
258 751 350 814 parra
372 751 408 795 ex
430 731 480 795 illa
502 731 675 812 spectabam
696 731 795 794 sidera
813 739 902 812 -parte

152 854 186 906 tu
202 843 286 908 Clara
308 841 403 921 magis
425 840 524 912 sedito,
547 840 661 920 majore
683 857 719 902 ao
738 841 873 924 praedita
896 842 1000 904 torma.

243 952 327 1016 Haeo
347 969 403 1030 ego
425 949 495 1012 dum
517 947 612 1012 miror
631 967 809 1029 mecumque
830 950 905 1016 haee
925 959 1024 1014 mente
1046 951 1156 1024 voluto,

202 1063 250 1126 die
272 1061 353 1141 oepit
374 1078 508 1131 somnus,
530 1077 655 1122 somnus
677 1079 728 1124 res
750 1077 840 1140 saepe
862 1061 995 1124 novellas

203 1173 280 1236 Ante
301 1171 381 1234 diem
402 1170 534 1232 diseeos.
554 1201 597 1214 -·-
620 1169 687 1242 Quo
710 1168 840 1249 primum
861 1179 1007 1251 tempore,
1031 1171 1132 1243 oredo,

204 1281 310 1345 Ortum
330 1297 530 1361 praecurrens
551 1286 683 1340 montem
704 1262 860 1344 radiaverit
882 1279 966 1342 iilum

92 1374 95 1405 ¹
155 1411 187 1466 m
205 1391 289 1454 Clara
311 1389 576 1462 venumdemus
598 1395 796 1468 praeportnns
818 1407 940 1470 senemr
960 1389 1081 1462 amoris,

93 1474 96 1489 ’
203 1501 242 1564 ui
265 1508 421 1582 praestans
443 1498 550 1561 mulier
571 1499 667 1560 forma
687 1498 864 1577 integraque
882 1499 1005 1579 juventa

205 1611 273 1674 Visa
295 1622 341 1672 est
362 1608 464 1689 sopito
485 1627 541 1690 per
561 1625 684 1688 campos
706 1607 751 1670 iro
773 1616 919 1687 petentes,

204 1721 376 1800 decerpens
397 1719 489 1781 dores
510 1719 586 1782 haee
607 1735 660 1780 ore
682 1716 780 1780 ioeuta
802 1733 930 1780 canoro:

205 1827 334 1892 Nomine
356 1847 415 1908 quo
437 1827 528 1900 dicar,
552 1828 579 1888 si
602 1828 669 1906 quis
692 1827 820 1891 iortasse
841 1827 985 1906 requirat,

94 1942 98 1976 ¹
145 1963 191 2015 mn
205 1939 252 2006 die
274 1937 352 2001 seiat
372 1955 440 2000 esse
461 1938 547 2000 terr
569 1944 600 2000 et
620 1936 758 1998 manibus
781 1954 841 1998 non
863 1953 986 2016 pareero
1008 1937 1141 2016 pulchris

206 2049 362 2112 Errantem
384 2047 506 2120 circum,
527 2055 562 2110 ut
583 2055 664 2110 serto
686 2065 753 2109 mea
773 2053 908 2126 mmpora
931 2045 1058 2126 cingam.

207 2159 283 2222 [tum
305 2157 429 2238 speculo
450 2157 600 2220 referente
621 2173 718 2220 meam
740 2155 844 2218 mirata
867 2155 992 2232 figuram

96 2302 98 2323 .
208 2268 277 2348 Ipsa
300 2267 350 2328 isti
371 2266 514 2346 placeam,
537 2266 589 2329 hio
609 2285 657 2328 me
678 2274 803 2328 ornatus
825 2275 1065 2340 commoratum

207 2379 245 2440 at
265 2393 406 2456 germana
427 2376 502 2438 mihi
523 2377 605 2439 trullo
628 2393 759 2456 unquam
780 2384 916 2455 tompore
936 2374 1059 2438 flueren

94 2457 98 2483 Ι
147 2496 192 2550 itt
207 2487 279 2548 Fixa
303 2504 358 2548 suo
380 2485 504 2566 speculo
527 2485 657 2570 deelinat
677 2486 798 2558 lumine.
821 2493 852 2548 et
874 2485 978 2548 haeret

209 2596 290 2660 Sede
311 2597 377 2659 dies
400 2603 490 2658 totos.
533 2595 622 2676 Cupit
643 2595 717 2658 haee
738 2613 793 2658 sua
812 2594 924 2658 lumina
945 2593 1071 2674 pulchra

210 2706 385 2787 dispicere,
407 2713 440 2768 ut
461 2723 510 2769 me
531 2705 689 2768 sodioitam
712 2706 771 2766 fert
791 2721 862 2768 eura
882 2705 1008 2784 parandi

211 2817 389 2880 ornamenta
410 2833 511 2878 manu.
553 2816 630 2879 Huic
652 2815 835 2896 specudeudi,
858 2815 899 2878 mi
920 2816 1011 2878 ardor
1031 2814 1147 2895 agendi.
1201 2813 1207 2829 '

209 2925 246 2988 m
264 2926 325 3006 jam
346 2943 402 3006 per
422 2925 523 2988 lumen
545 2924 730 2997 subinseum
751 2923 837 3002 signa
856 2925 919 2988 drei

93 3045 96 3078 ¹
146 3049 194 3104 ιιο
209 3035 420 3115 Praeponam,
442 3041 524 3098 tauto
547 3033 715 3114 peregrinis
736 3035 850 3112 gratius
871 3051 969 3107 omen,

93 3140 96 3237 ξ
211 3145 330 3224 Quanto
352 3143 421 3207 illos
443 3143 562 3208 brevior
581 3143 693 3224 patrias
714 3145 762 3206 ria
784 3143 873 3209 duest
893 3144 930 3206 ad
952 3161 1030 3216 oms,
1076 3221 1079 3230 Α

210 3254 347 3335 Undique
370 3253 493 3334 depuisa
514 3253 668 3333 fugiebant
687 3261 777 3319 noete
797 3252 948 3324 tenebrae,

93 3364 97 3390 ¹
209 3366 307 3444 Atque
328 3363 417 3426 simul
439 3381 574 3427 somnus.
619 3363 717 3438 Quem
739 3372 810 3425 tuno
831 3344 964 3428 membra
984 3361 1086 3434 leuari,

209 3473 249 3540 Et
268 3490 394 3552 magnos
415 3473 474 3540 ridi
497 3473 723 3538 consurrexisse
745 3473 915 3554 magistros.

95 3561 97 3593 ⁵
147 3589 193 3644 uu
252 3584 344 3647 unce
365 3581 439 3648 iilud
461 3601 592 3666 pomum,
614 3601 669 3664 per
690 3591 734 3644 tot
754 3583 834 3663 quod
858 3601 1001 3663 quaerere
1022 3598 1121 3644 ramos

210 3693 326 3772 lugenti
347 3701 462 3758 tertam
482 3693 619 3756 mortalia
639 3701 761 3773 pentura
784 3710 864 3762 eura,

95 3812 97 3882 j
211 3803 338 3866 Omnem
360 3801 451 3864 hodie
473 3803 602 3864 esuriem
623 3803 712 3884 piena
732 3801 786 3865 tibi
807 3821 881 3883 paee
902 3801 1046 3864 domabit.

210 3912 294 3978 Talia
315 3911 548 3986 Minciades3et
568 3929 718 3992 nunquam
739 3921 820 3973 tante
842 3913 926 3974 suere

209 4023 332 4086 Munere
354 4031 531 4096 strenarum,
554 4041 629 4102 quae
651 4021 697 4084 sio
717 4021 792 4084 mihi
813 4029 894 4100 grata
914 4021 1057 4084 uenirent.

147 4143 194 4198 tuu
211 4133 322 4213 visque
342 4131 487 4194 voluntati
509 4140 588 4194 tanta
610 4139 658 4194 est
677 4149 771 4212 snper
790 4131 892 4194 addita
913 4149 1061 4193 summurn

95 4290 97 4303 .
211 4239 366 4306 Scandere
386 4242 524 4306 suadenti
545 4249 686 4314 montem,
710 4250 751 4314 ut,
775 4259 964 4321 quocumque
984 4258 1134 4302 moverem

211 4353 334 4416 Passus.
356 4353 500 4418 sentirem
520 4351 648 4432 pedibus
669 4367 1009 4432 succrescere-pennas.

1115 4449 1169 4502 a·
1278 4400 1335 4560 j
