3124 5170
337 450 397 514 lte
752 453 945 504 tununnennu
963 453 1061 504 xrrnr.

400 669 596 749 Praeceptum
619 670 672 731 sed
695 687 765 748 ege,
788 670 961 751 absumptus
980 672 1042 752 jam
1064 674 1183 748 lunera,
1206 695 1326 756 pesrnr,

400 779 486 840 Hune
507 788 541 841 ut
560 779 758 859 circumagam
780 780 845 842 laea
867 800 921 862 per
942 783 1118 856 tenebrosa,
1141 804 1196 864 per
1217 805 1321 851 ornnes

401 889 511 962 0rbes,
534 889 606 950 hine
627 891 724 952 donee
744 909 843 952 rerum
865 891 1047 969 experientia
1070 892 1190 955 doctum

399 998 495 1060 Mittat
515 1007 559 1071 et,
583 1007 615 1060 ut
635 1017 713 1062 nune
734 998 801 1079 ipse
821 999 942 1080 loquor,
965 1019 1013 1063 res
1036 1021 1103 1064 uera
1125 1011 1267 1082 patescat.

349 1120 382 1174 5ο
441 1108 564 1169 Talibus
586 1108 711 1180 auditis,
734 1109 801 1188 plus
824 1127 913 1188 quam
935 1121 1060 1172 centena
1081 1112 1212 1174 virorum

359 1296 366 1311 ι
399 1217 498 1280 Turba
520 1225 645 1297 stupens
666 1217 749 1280 stelit
770 1219 800 1279 in
823 1220 921 1292 lessa3
944 1237 1013 1282 nam
1034 1220 1109 1282 mira
1132 1233 1270 1284 eruentae

397 1327 457 1388 Res
479 1345 594 1407 poenae
616 1326 806 1389 immemores
829 1327 908 1390 lecit
952 1329 1038 1391 Nune
1061 1347 1132 1408 erge
1154 1333 1300 1404 monebis,

399 1436 444 1498 Tu
466 1436 594 1498 lorusse
615 1435 696 1498 brevi
719 1435 835 1498 risurus
856 1437 967 1500 lumina
989 1437 1071 1510 solis,

398 1547 530 1607 Fratrem
553 1547 720 1616 Deseruurr,
744 1546 849 1608 validis
870 1558 904 1609 ut
924 1566 958 1608 se
981 1547 1108 1610 instruat
1129 1550 1228 1622 armis,

348 1661 381 1714 55
398 1655 435 1716 Ni
457 1673 542 1716 mens
566 1663 645 1716 certa
667 1655 750 1718 illurn
773 1655 889 1730 tulerit,
912 1675 959 1719 me
981 1676 1059 1738 laone
1083 1657 1183 1720 subire

399 1765 495 1838 Quam
517 1764 646 1844 primurn
667 1765 744 1828 hane
766 1767 892 1838 lessam,
917 1785 953 1827 ne
976 1766 1021 1828 sic
1043 1777 1102 1830 tam
1124 1769 1260 1848 angustia
1281 1771 1389 1844 victus,

400 1877 495 1947 Quam
518 1874 594 1936 nivis
616 1884 768 1953 aggestae,
790 1875 934 1938 victorem
956 1876 1111 1938 &asenna
1132 1879 1246 1953 mittnt3

397 1984 472 2046 Nam
495 2003 582 2046 serus
604 1984 683 2046 haud
705 1985 821 2046 lacinus
843 1985 933 2048 luerit
953 1985 1017 2048 lere
1040 1994 1136 2048 eastra
1159 1988 1260 2067 potiri.

442 2095 477 2156 Ut
497 2094 573 2174 pede
596 2112 743 2174 suspense
765 2095 842 2156 hane
863 2110 965 2156 renem
987 2095 1150 2158 Mreunrus
1173 2096 1268 2159 iturus

347 2219 381 2271 ee
397 2204 512 2277 Edidit,
535 2203 606 2264 hine
627 2204 731 2266 abiens
754 2204 889 2266 tellurem
910 2205 968 2266 hoe
989 2207 1109 2284 pressit.
1138 2209 1176 2268 tt
1197 2207 1280 2280 alter,

396 2314 570 2375 Perlessurn
594 2314 641 2376 eui
661 2309 763 2392 'guttur
783 2325 860 2388 erat,
885 2314 935 2394 qui
957 2315 1079 2377 naribus
1102 2315 1164 2378 ibat

397 2424 441 2486 td
463 2424 592 2484 luentem
614 2424 742 2498 truncis,
765 2433 879 2486 tantum
900 2443 970 2486 aure
993 2425 1133 2487 notabilis
1156 2445 1223 2498 una,

397 2533 434 2594 Et
454 2541 592 2605 steterat,
615 2533 722 2596 mistus
742 2533 925 2613 reliquorum
947 2533 1094 2608 examine,
1118 2535 1239 2608 miram,

396 2643 434 2704 Ut
455 2661 502 2704 nre
524 2642 679 2718 lustraret,
702 2662 757 2723 per
777 2651 880 2723 aperta
903 2644 1047 2706 foramina
1070 2662 1183 2707 cannae

345 2755 378 2808 65
398 2751 533 2832 Undique
554 2753 646 2814 caede
666 2753 773 2814 rubrae
795 2753 879 2833 prinr
901 2763 1040 2834 aucupet,
1064 2754 1120 2817 ista
1143 2755 1274 2818 loeutus:

397 2862 421 2922 Ο
446 2872 491 2933 tu,
516 2881 604 2942 quem
628 2862 707 2924 nulla
729 2861 878 2942 impurum
900 2864 977 2926 laeta
999 2864 1090 2943 impia
1113 2865 1263 2939 damnant,

395 2971 433 3032 Et
454 2989 540 3051 quem
560 2970 623 3050 jam
644 2970 705 3034 ridi
727 2970 880 3044 inlatio,
903 2972 961 3036 nisi
984 2973 1059 3035 lallit
1079 2974 1178 3052 image

395 3081 441 3142 lle
464 3079 587 3154 similis,
610 3080 636 3144 si
659 3081 736 3142 lerte
758 3080 865 3142 iterum
888 3081 941 3143 tibi
964 3101 1086 3146 eernere
1108 3083 1225 3146 dulcem

396 3191 544 3252 Tellurem
566 3191 697 3264 dabitur,
721 3209 796 3272 quae
819 3211 835 3253 a
857 3192 1096 3256 vercellensibus
1118 3194 1197 3272 agris

345 3309 379 3362 'lu
394 3301 439 3363 Ad
460 3300 660 3382 Mareobejum
683 3301 789 3380 vergit,
812 3301 1005 3364 reminiscere
1026 3303 1158 3375 Parnurr,

394 3411 494 3472 Patria
515 3411 563 3474 eui
587 3409 732 3472 lledieinn
755 3411 825 3484 luit,
849 3411 968 3492 duoque
990 3412 1101 3492 eptnna
1124 3414 1197 3476 Fani

393 3519 519 3584 Lumina
541 3521 605 3580 vira
627 3520 732 3590 medo,
755 3539 823 3582 mer
845 3520 902 3582 ista
924 3541 1046 3585 monere
1068 3531 1226 3596 memento,

395 3629 510 3692 Gurnuu
532 3638 620 3709 atque
643 3629 842 3702 merantur,
865 3629 923 3692 nisi
945 3649 1030 3694 inens
1052 3632 1102 3694 hie
1124 3633 1258 3712 praescia
1281 3652 1356 3696 rana
1382 3645 1436 3706 est,

395 3741 434 3802 Se
455 3739 514 3799 vita
537 3738 573 3800 iri
596 3738 752 3818 depulsos,
776 3746 864 3819 atque
886 3758 1015 3821 aequore
1038 3761 1153 3804 mersos
1506 3724 1509 3743 ’
1557 3725 1558 3744 ¹

343 3859 377 3913 75
393 3849 427 3912 Ιιι
450 3865 568 3910 meeum
590 3848 721 3922 insutas,
744 3849 800 3911 sun
820 3848 992 3929 proditione
1014 3851 1130 3931 tyranni

393 3956 491 4030 Falsi,
513 3957 550 4018 ad
573 3956 789 4032 Cmstumium;
810 3976 881 4032 nee,
903 3977 960 4040 qua
982 3960 1122 4042 Majoriea
1145 3963 1182 4024 ad
1204 3981 1272 4024 erus

395 4069 494 4147 Usque
515 4075 598 4146 patet
618 4069 755 4148 Cyprias,
777 4067 851 4131 vasti
875 4087 925 4130 rex
947 4071 1086 4150 aequoris
1109 4089 1237 4152 nuquam

395 4176 467 4238 Tale
489 4176 586 4238 scelus
609 4176 694 4248 vidit,
717 4177 798 4239 nulle
820 4189 974 4256 grassante
996 4181 1101 4261 pirata,

394 4285 480 4348 Nulla
502 4286 566 4347 acie
585 4286 733 4366 argolica.
778 4287 835 4360 Qui
859 4289 945 4351 neulo
968 4299 1080 4354 tenuant
1103 4291 1212 4371 aspicit
1233 4309 1292 4354 uuo

343 4405 378 4460 8⁰
392 4395 547 4470 Proditor,
570 4407 658 4476 atque
681 4403 762 4458 tenet
783 4404 905 4472 terram,
928 4419 1031 4480 quana,
1056 4401 1106 4482 qui
1128 4401 1217 4464 mede
1240 4417 1358 4462 mecum
