3116 5162
254 423 346 468 mlii
765 405 832 458 lint
855 405 985 458 PleZdE.

255 592 351 665 sino,
373 590 436 652 viro
458 599 519 652 tam
541 588 659 667 generis
681 585 835 650 nobilitate
858 607 947 670 quam
968 588 1139 654 eruditione
1159 599 1190 652 ot
1211 589 1489 658 urbanitateolaris

255 691 343 763 simo,
365 691 419 752 sed
437 690 501 772 jam
513 697 713 770 praemortuo,
736 681 852 753 sacram
864 709 932 754 esse
943 688 1087 770 voluerat)
1100 691 1132 754 in
1143 690 1250 772 vulgus
1263 693 1412 768 ederetur,
1426 712 1492 758 mira

258 791 418 855 commissa
442 799 488 853 est
507 791 577 854 fidei
599 790 730 871 nepotis.
932 855 935 863 ,

265 913 270 924 ·
339 893 407 956 Fuit
426 893 534 956 Pnzm
555 899 666 956 statiua
688 909 846 971 procerus,
877 891 972 954 oculis
999 895 1112 972 regetis
1134 895 1366 976 acerrimisque,
1400 895 1491 974 gravis
1549 929 1550 962 i

257 995 453 1074 omnibusque
475 1003 633 1075 spectatus,
657 992 753 1056 laoilis
776 992 896 1072 quidem
916 994 1223 1058 adconversationem
1237 997 1488 1076 atqueiacuodus,

257 1089 310 1158 sod
339 1097 375 1157 ad
398 1096 484 1158 vitam
506 1094 543 1157 ab
565 1095 719 1157 hominurn
747 1095 927 1158 commercio
955 1107 1101 1158 remotam
1127 1097 1297 1177 proclivior.
1349 1098 1490 1179 Proprias

256 1197 391 1260 utilitatis
413 1197 571 1261 immemor
596 1195 627 1258 id
654 1213 746 1258 noum
768 1195 882 1274 agebat,
908 1207 942 1258 nt
962 1197 1066 1261 amicis
1094 1197 1232 1273 serviret,
1261 1216 1376 1278 suaque
1404 1217 1489 1278 opera
1549 1213 1550 1250 1

257 1298 332 1361 alios
356 1297 482 1380 juraret.
531 1297 652 1358 Summa
679 1315 749 1360 vero
777 1296 932 1373 integritas
958 1297 1028 1372 viri,
1061 1306 1176 1362 rectum
1198 1299 1347 1381 judicium
1373 1307 1406 1360 et
1432 1297 1489 1362 elo·
1549 1303 1550 1388 l

257 1400 376 1480 quentia
398 1398 435 1460 ad
456 1397 694 1478 persuadendum
717 1397 1026 1460 accommodatissima
1045 1417 1114 1462 raro
1135 1419 1224 1480 passa
1237 1407 1317 1474 sunt,
1338 1409 1371 1464 ut
1391 1399 1489 1462 adenis
1549 1449 1550 1460 ,

256 1499 385 1579 negotiis
408 1517 491 1561 suam
512 1499 623 1560 trustra
644 1497 850 1579 interponeret
870 1499 1084 1564 auctoritatem.
1132 1501 1290 1576 Assiduus,
1312 1519 1372 1583 quo
1394 1499 1490 1562 literas

256 1601 368 1672 dilexit,
382 1618 475 1672 amor,
498 1617 704 1680 coenosorum,
717 1617 792 1681 quaa
815 1600 991 1680 composuit,
1004 1601 1330 1686 operumpraestantia,
1353 1600 1490 1664 sanctitas

257 1700 442 1782 evangelica,
470 1717 573 1779 quam,
602 1719 693 1781 quum
715 1701 887 1764 concionari
909 1701 1057 1764 interdum
1085 1704 1113 1767 ei
1135 1704 1337 1782 contingeret,
1365 1721 1382 1764 o
1409 1719 1489 1764 sacro

256 1809 397 1882 suggestu
419 1799 606 1863 auditoribus
628 1801 802 1882 eloquenter
823 1801 1058 1878 commendabat,
1079 1805 1193 1868 illibata
1213 1806 1290 1867 ritae
1309 1802 1490 1883 simplicitate

256 1903 400 1986 probarit,
421 1901 533 1966 viventi
553 1902 699 1964 bonorum
722 1903 852 1965 omnium
874 1903 1110 1970 conciliaverunt
1129 1907 1269 1971 allectum
1291 1913 1322 1970 ot
1337 1904 1489 1968 observan-

257 2004 339 2079 tiam,
360 2003 501 2066 defuncto
521 2001 697 2066 memoriam
718 2010 748 2065 et
769 2002 959 2068 desiderium.
