3116 5162
580 415 754 470 Plidssl'blll).
1269 441 1299 484 ιχ

68 602 137 674 due
165 603 272 676 conati
307 611 406 695 sunt,
439 601 528 700 quod
543 676 548 689 ,
560 612 693 700 praeter
718 599 934 676 Germanicos
970 607 1148 678 anemine
1181 627 1299 679 ausum

68 744 133 792 esse
155 732 244 818 puto,
271 745 345 794 eam
369 720 649 794 insimulationem
676 719 729 792 rix
754 730 788 792 et
814 743 855 792 ne
890 721 941 793 rix
967 721 1100 820 quidem
1127 723 1298 820 ellirgieot,

68 863 100 911 se
123 863 184 912 non
210 839 374 912 modicam
400 839 618 914 dicendorum
642 849 770 936 partem
795 838 921 912 lormae
947 841 1057 914 studio
1082 843 1298 917 concessisse.

69 955 125 1040 llui
146 982 221 1031 vero
247 983 267 1030 a
293 958 393 1030 simili
426 981 581 1031 versuum
613 956 701 1030 exitu
735 957 786 1030 rel
811 980 949 1054 prorsus
975 957 1159 1054 abstinent,
1184 960 1236 1034 rel
1262 971 1300 1034 ut

69 1075 222 1172 parciores
247 1075 283 1148 in
302 1101 342 1149 eo
368 1076 437 1149 sint
461 1076 562 1149 licere
588 1085 716 1172 putant,
743 1074 784 1148 nd
811 1077 953 1150 solutam
978 1079 1089 1174 potius
1114 1080 1299 1153 orationem

70 1193 211 1266 accedere
235 1193 401 1288 ridentur,
428 1203 527 1293 quam
559 1194 601 1266 ad
626 1217 759 1267 versum
785 1195 966 1269 ternarium
998 1195 1134 1270 Divinae
1160 1197 1299 1272 (lomne-

72 1311 132 1384 diae
155 1311 357 1406 solemnem,
382 1314 435 1387 vel
458 1355 511 1368 -
536 1313 625 1410 quod
650 1313 828 1411 praecipue
854 1314 889 1386 in
916 1313 1050 1388 Gallicis
1076 1315 1298 1412 versionibus,

70 1429 287 1524 llexmdrino,
314 1455 414 1529 quem
437 1441 567 1524 vocant,
594 1453 691 1504 versu
715 1429 955 1526 constantibus,
982 1457 1044 1507 uos
1077 1434 1213 1509 ollandit
1248 1479 1300 1492 -

71 1550 237 1623 orationem
264 1549 362 1623 aliter
387 1550 545 1624 exhibent
569 1549 730 1643 incisam,
756 1575 855 1648 quam
881 1551 915 1624 in
941 1551 1027 1649 ipso,
1054 1554 1141 1650 quod
1168 1553 1299 1628 imitan-

73 1666 138 1740 dum
162 1667 225 1741 sibi
244 1679 503 1766 proposuerunt,
526 1669 682 1742 carmine.

156 1785 227 1860 luia
252 1781 403 1884 prolecto
418 1798 482 1862 cst
505 1786 589 1861 ratio
604 1785 713 1859 Latini
737 1787 913 1881 sermonis,
939 1789 1086 1886 proxima
1104 1792 1299 1888 cognatione

74 1925 137 1976 cum
157 1903 283 1997 Italico,
310 1915 344 1978 et
368 1905 510 2008 maxime
536 1905 669 2003 quidem
697 1927 773 1978 cum
799 1905 854 1978 illo
873 1907 1070 2006 antiquiore,
1092 1935 1156 2008 quo
1175 1909 1300 1983 [lantes

74 2045 142 2095 usus
166 2035 227 2136 est,
255 2023 435 2120 conjuncti,
463 2023 557 2122 cujus
586 2048 701 2096 uersus
719 2023 919 2119 hexameter,
942 2025 1012 2123 jam
1029 2029 1115 2126 apud
1132 2027 1300 2102 Romanos

74 2141 290 2246 prolixioribus
324 2143 501 2240 cujuslibet
532 2141 718 2240 argumenti
752 2143 953 2217 carminibus
986 2147 1160 2243 proprius,
1202 2148 1301 2222 etiam

76 2259 235 2335 altissimae
261 2262 348 2334 sacri
374 2261 529 2335 carminis
547 2261 640 2361 poesi
655 2284 729 2335 sese
746 2262 981 2336 accommodat.
1032 2263 1300 2362 lpsi'Alligherio
1378 2275 1382 2286 '

76 2376 228 2454 heroicum
254 2401 387 2454 versum
413 2380 455 2454 ad
481 2379 700 2479 explanandas
715 2377 852 2452 Divinae
868 2380 1065 2455 Comoediae
1093 2407 1209 2480 graues
1226 2409 1301 2458 serr·

76 2498 179 2572 tentias
203 2509 316 2597 aptum
343 2522 417 2572 esse
443 2499 562 2592 usum,
588 2499 688 2574 fidem
713 2498 823 2572 lacero
842 2498 1007 2594 ridentur,
1028 2525 1112 2600 quac
1132 2502 1172 2575 de
1192 2506 1300 2601 primo

77 2625 107 2686 ct
126 2639 194 2690 mox
209 2627 335 2690 mutato
353 2617 425 2714 ejus
449 2618 587 2691 oonsilio
604 2617 720 2690 Latine
735 2617 903 2691 scribendi
920 2617 1070 2693 relerunt
1088 2631 1240 2695 auctores
1252 2625 1301 2722 a),

76 2731 215 2830 Legimus
234 2736 324 2810 cuim
343 2736 376 2808 in
396 2736 547 2833 epistola,
570 2760 668 2834 quam
685 2735 896 2810 Hilarium
918 2739 1117 2813 monachum
1132 2739 1251 2838 llugu
1262 2766 1302 2815 c·

78 2851 176 2926 cioni
200 2854 428 2928 Fasiolano
455 2854 630 2952 scripsisse
656 2854 855 2954 volunt**):

211 2972 321 3058 Quum
349 2972 554 3047 exhibuisset
580 2971 750 3069 (Dauus),
778 2979 970 3074 quem***)
997 2977 1144 3051 libellum
1170 3000 1232 3072 ego
1267 2977 1301 3050 in

164 3091 326 3187 goarium
353 3101 523 3188 gratanter
549 3092 679 3188 accepi,
707 3093 842 3190 aperui,
876 3103 909 3167 et
940 3095 974 3169 in
1011 3096 1083 3195 ejus
1116 3096 1303 3194 praesentia

164 3211 277 3284 oculos
311 3233 387 3284 cum
420 3211 594 3284 allectione
630 3210 739 3286 delixi.
808 3212 983 3312 Quumque
1023 3217 1122 3290 rerba
1155 3215 1303 3311 vulgaria

163 3329 407 3428 percepissem,
441 3339 474 3403 et
507 3329 751 3427 quodammodo
784 3355 837 3404 me
872 3356 925 3405 me
951 3334 1105 3409 admirari
1149 3343 1303 3417 ostende.

163 3473 254 3542 rem,
281 3448 501 3534 cunctationis
529 3472 621 3522 meae
655 3473 806 3523 caussam
830 3452 956 3549 petivit.
1021 3453 1080 3528 Cui
1117 3481 1170 3531 mc
1203 3486 1304 3558 super

163 3567 317 3666 qualitate
344 3567 507 3640 sermonis
543 3566 700 3640 admirari
732 3571 907 3666 respondi:
942 3582 1013 3646 tum
1048 3576 1124 3674 quia
1158 3577 1303 3675 dillicile,

162 3688 228 3760 imo
255 3683 457 3783 inopinabile
482 3685 623 3780 videtur,
637 3686 855 3762 intentionem
883 3701 948 3764 tam
973 3693 1110 3768 arduam
1127 3697 1306 3794 vulgariter

163 3803 302 3902 exprimi
335 3804 503 3902 potuisse,
537 3815 608 3880 tum
642 3806 720 3904 quia
752 3807 988 3884 inconveniens
1022 3813 1193 3890 ridebatur
1227 3843 1305 3893 con·

130 4022 154 4086 ¹)
171 4025 279 4092 thnaa
297 4025 327 4076 de
345 4025 391 4075 bac
407 4026 548 4090 quaestione
566 4027 711 4088 intransitu,
728 4027 771 4078 sed
789 4028 867 4092 docte¹
885 4030 977 4082 monuit
994 4031 1082 4085 illustra
1099 4033 1235 4088 vicecomes
1251 4037 1305 4088 Co-

74 4105 186 4160 lnrobns
204 4109 397 4161 italicensis
415 4111 439 4160 in
457 4109 571 4174 Biblioga
589 4111 657 4162 Dant.
677 4111 696 4176 l,
715 4111 772 4162 243.

74 4273 90 4324 n
130 4191 169 4256 “l
186 4195 377 4262 disputationem
395 4193 425 4246 dc
442 4195 490 4246 noa
507 4195 578 4259 bojas
596 4195 712 4262 epistolae
730 4197 870 4264 propediem
889 4214 1021 4265 persequar
1038 4201 1062 4252 in
1080 4217 1138 4253 nora
1148 4205 1305 4270 epistolarum

91 4277 146 4328 antia
161 4281 274 4331 edilium.

131 4359 186 4424 m)
203 4364 239 4414 lta
256 4377 311 4414 cnm
329 4363 581 4429 doctissimo'lropa
600 4363 813 4431 interpungendum
833 4382 887 4418 esse
904 4377 971 4434 puto.
998 4369 1185 4424 Abbreriationis
1201 4374 1305 4442 signum,

74 4443 131 4508 quod
146 4447 230 4500 aalma
248 4447 402 4500 florentinus
419 4447 493 4501 codex
511 4449 613 4514 exbibet,
632 4465 679 4503 nou
698 4467 772 4516 paor,
790 4451 832 4502 sed
850 4467 918 4518 quoae
935 4451 1015 4504 dicore
1033 4454 1103 4506 colet.
