3142 5166
536 458 729 512 innuendum
746 463 842 513 xxxiv,

230 677 269 740 Ut
290 675 430 755 placitum
453 676 581 750 catilli,
605 678 721 740 devinxi
744 679 819 742 colla
840 680 968 744 lacertis.

140 799 172 851 7⁰
187 786 218 848 ls
239 794 418 866 tempusque
441 786 600 866 locumque
622 787 801 859 observans,
824 809 892 852 cum
914 792 986 853 salis
1009 791 1070 854 aloa

187 897 342 975 Expansaa
362 895 450 968 vidit,
472 896 571 958 villosi
594 897 730 976 corporis
753 897 849 960 haesit

189 1006 305 1078 Coctia,
329 1005 421 1085 inque
442 1005 523 1068 aliud
544 1005 638 1068 vellus
661 1006 827 1068 devellere
848 1007 960 1087 lapsus,

188 1114 271 1177 luter
293 1123 423 1178 setarum
446 1114 564 1188 silvam,
587 1115 740 1195 glacieque
762 1116 891 1194 rigentes

188 1224 296 1286 Postea
317 1223 474 1286 descendit
495 1231 621 1286 crustas.
666 1224 740 1286 Cum
761 1225 895 1288 venimus
918 1227 997 1302 illuc,

140 1342 172 1394 'lo
189 1333 286 1396 Corae
308 1332 360 1394 nbi
382 1353 416 1395 se
434 1333 534 1414 jungit
554 1353 687 1396 summae
709 1323 821 1407 lemur,
844 1337 963 1411 anxius,
985 1355 1081 1418 aeger,

189 1443 303 1505 Conatu
325 1441 434 1516 multo,
457 1461 517 1524 qno
540 1463 626 1506 crura
647 1443 800 1524 pedesque
823 1445 950 1521 tenebat,

188 1552 312 1614 invertit
333 1559 437 1632 ceput,
461 1561 490 1614 et
511 1560 591 1616 selas
611 1553 776 1632 prensant,
800 1561 832 1617 ut
852 1554 912 1629 ille,

190 1662 247 1736 Qui
270 1662 346 1741 petit
367 1662 555 1725 adscensum.
598 1661 675 1724 Hinc
697 1663 804 1724 iterum
826 1681 874 1726 me
896 1665 926 1728 in
949 1666 1068 1731 Tartara
1090 1667 1179 1731 rebar

188 1772 315 1834 llelerri.
337 1803 381 1816 -
402 1771 479 1844 llux,
502 1789 587 1832 more
609 1772 679 1844 viri,
703 1773 754 1851 qui
776 1772 873 1838 lassus
895 1775 1026 1838 anhelat:

139 1889 171 1942 oo
187 1883 260 1960 lige
282 1881 474 1952 animulae,
497 1881 608 1961 inquit,
631 1881 787 1944 discedere
809 1892 894 1963 peste
915 1885 1058 1947 malorum

189 1991 284 2054 Tanta
305 2009 383 2070 opus
405 2009 474 2052 esse
495 1991 568 2052 istas
589 2009 646 2071 per
666 1991 772 2054 scalas.
817 1994 930 2056 lleinde
952 1995 1047 2058 forato

188 2100 317 2164 Emeruit
338 2119 425 2172 saxo,
446 2101 609 2180 posuitque
631 2101 661 2163 in
682 2101 814 2180 margine
835 2104 933 2182 primo

188 2211 244 2272 liic
265 2228 313 2272 me
336 2227 499 2272 sessurum.
543 2209 614 2272 Mihi
636 2210 800 2289 posthaec
822 2219 867 2274 eat
886 2213 964 2292 pede
987 2225 1071 2277 cauto

191 2320 304 2383 Obvius
326 2317 452 2380 advenit.
496 2319 583 2380 Visus
605 2336 660 2398 ego
683 2319 787 2381 tollere
809 2321 840 2382 in
862 2321 951 2384 altum

139 2443 172 2496 85
189 2429 301 2510 Coepi,
324 2436 354 2492 et
373 2428 546 2490 Luciferum
567 2429 669 2502 rebor,
694 2429 810 2508 qualem
832 2439 900 2494 ante
921 2433 1038 2512 reliqui,

190 2540 330 2603 Cernere.
373 2540 412 2600 lt
432 2538 545 2603 adverti
567 2537 682 2601 sublata
704 2539 784 2602 hunc
806 2557 891 2604 crura
913 2549 1071 2606 tenentem.

231 2649 277 2711 lln
298 2666 346 2711 me
369 2646 529 2710 sollicitum
549 2656 620 2710 tuuc
642 2649 755 2727 ceperit
775 2650 879 2711 andus
900 2651 1015 2726 horror,

189 2761 279 2824 Curet
300 2758 330 2820 id
352 2757 489 2836 ignarum
510 2758 632 2836 vulgus,
656 2758 703 2819 cui
725 2777 851 2820 noscere
873 2779 933 2822 non
956 2771 1010 2836 est,

190 2869 284 2944 Quale
305 2867 379 2929 milri
401 2867 517 2930 dederit
538 2876 680 2947 punctum
702 2869 827 2930 transire
849 2878 946 2950 poeta.

140 2988 173 3041 to
189 2981 284 3060 Atque
307 2979 350 3040 ia:
373 2975 484 3056 Surget
508 2977 622 3057 inquit;
644 2976 733 3054 longa
755 2986 802 3040 est
822 2979 883 3052 via,
906 2987 1015 3043 names
1037 2981 1167 3061 iniquus,

188 3089 225 3152 m
243 3089 306 3170 jam
328 3087 456 3150 confecit
477 3087 564 3168 spatii
585 3086 716 3148 medinm
738 3107 789 3150 ora
812 3088 871 3150 diei

189 3199 298 3261 Tertia.
341 3197 408 3260 Non
430 3205 493 3259 erat
513 3196 586 3258 illud
608 3196 664 3258 iter
686 3215 740 3276 per
760 3198 948 3260 vermiculata

187 3309 282 3382 Atria,
306 3327 366 3388 quo
387 3309 486 3370 lessus
508 3307 633 3382 deveni,
655 3315 685 3370 at
707 3307 864 3370 carcerali
887 3309 952 3388 ipae

187 3419 297 3482 Natura
318 3425 502 3490 exsudetur,
517 3417 572 3484 ,cui
595 3425 683 3480 strata
705 3417 847 3496 maligna,
871 3436 994 3480 caverna

140 3538 171 3590 ⁰5
186 3528 278 3591 Lucis
299 3527 397 3607 inops.
442 3526 536 3588 Simul
558 3527 653 3588 arrexi
674 3545 721 3588 me
744 3545 886 3608 corpore,
910 3527 986 3590 dixi:

186 3639 299 3700 lloctor
318 3637 373 3710 mi,
397 3643 465 3699 ante
487 3645 572 3699 antro
593 3655 682 3716 quam
703 3636 807 3698 vellem
829 3656 939 3717 corpus
961 3637 999 3700 ab
1022 3639 1088 3712 isto,

187 3747 224 3810 Ut
244 3747 318 3810 milii
341 3746 486 3810 dissolvas
508 3765 656 3819 errorem,
679 3747 741 3811 lare
763 3765 931 3827 parumper.

186 3858 256 3931 oie,
279 3855 401 3919 ubinam
423 3865 469 3918 est
492 3853 625 3934 glacies?
648 3855 684 3918 Et
705 3858 856 3937 quomodo
878 3856 976 3936 ligitur
996 3857 1052 3920 iste

187 3967 320 4047 Corpore
342 3967 382 4030 ila
403 3963 552 4028 inverso?
574 3966 633 4028 Cur
655 3967 700 4028 sol
721 3974 780 4028 tam
802 3974 942 4047 praepete
965 3987 1054 4030 cursu

125 4085 171 4138 lou
186 4076 327 4156 vesperis
349 4096 366 4138 a
386 4075 483 4156 primo
504 4075 634 4155 primum
655 4077 789 4155 pervenit
810 4076 847 4140 ad
869 4085 966 4140 ortum

187 4183 301 4248 Lucis?
323 4217 363 4230 -
385 4185 424 4246 lit
445 4185 495 4248 ille
516 4185 605 4247 mibi:
629 4185 672 4246 Te
692 4203 779 4248 mens
800 4186 887 4249 illusa
908 4195 1071 4250 morantem

186 4293 282 4358 Trans
307 4303 442 4358 centrum
464 4293 579 4366 telluris
601 4294 698 4356 adhuc
720 4295 806 4370 lacit3
828 4304 915 4377 atque
938 4296 987 4359 ubi
1010 4298 1124 4360 inhaesi

186 4405 265 4468 Setis
287 4404 387 4468 inlecti
409 4405 535 4474 vermis,
558 4405 609 4485 qui
631 4405 762 4484 perforat
784 4406 896 4478 orbern,
