3144 5164
318 401 381 464 ³62
768 407 902 458 namursi
922 405 998 457 ratu.

333 634 367 687 to
383 622 437 684 Est
459 623 521 698 tibi,
545 625 596 704 qui
618 625 774 706 specuium
796 626 863 704 figis
885 633 936 688 tun
957 625 1069 688 luminu
1091 625 1123 686 in
1143 623 1229 697 ittet,

384 733 417 794 ln
441 751 499 812 quc
522 735 601 813 picta
620 735 704 798 rides
727 753 923 816 quaecunque
944 734 1135 816 amplectitur
1156 753 1254 796 curus.

385 842 444 905 Sed
468 844 607 923 quomam
629 843 668 905 ub
689 863 790 907 reram
812 863 905 924 regna
925 845 1000 906 haec
1021 844 1162 906 coelestis
1186 844 1268 906 eires

384 953 525 1013 Aecivere
546 953 645 1026 fidem,
668 953 747 1016 hanc
765 955 870 1040 jussos
892 955 1035 1016 decorare
1057 953 1235 1035 triumphis3

385 1061 469 1126 Hanc
490 1071 683 1125 tractaturum
705 1079 760 1144 par
782 1071 881 1126 est'te
904 1063 1048 1126 accedere
1069 1062 1106 1126 ad
1129 1063 1229 1124 istum.

334 1181 368 1234 ⁴5
428 1173 471 1234 Ac
490 1172 581 1234 veluti
604 1175 729 1253 sumptis
751 1181 809 1236 stat
829 1173 1041 1236 baccalaureus
1064 1173 1164 1245 erutis,

385 1281 448 1344 Nec
469 1279 564 1355 metit,
588 1282 694 1356 donce,
717 1283 849 1345 monitus
872 1291 1024 1345 scrutante
1045 1282 1197 1360 magistro,

386 1393 494 1464 Certet,
518 1393 570 1454 sed
593 1392 675 1454 litem
698 1411 757 1454 non
780 1402 827 1455 est
848 1410 1029 1473 componere
1051 1400 1169 1454 certus:

292 1544 296 1552 -
386 1503 437 1564 Sic
458 1502 623 1579 argumenti
644 1519 761 1564 mecum
783 1520 878 1582 genus
900 1521 988 1564 omne
1010 1500 1172 1573 struebant,

385 1614 479 1677 Ferte
501 1611 560 1683 iila.
583 1619 615 1673 ut
637 1619 718 1674 tanto
740 1631 788 1674 me
810 1612 995 1692 respondere
1017 1621 1152 1691 parsurm

336 1734 370 1788 50
387 1721 546 1797 Quaerenti
568 1723 718 1795 offerrem,
742 1721 864 1784 etmihi
887 1721 1000 1785 credita
1022 1739 1090 1784 tera
1111 1721 1209 1782 ieteri.

429 1831 454 1894 0
476 1832 555 1894 bone
578 1831 763 1906 christicola,
786 1831 836 1894 hic
854 1832 916 1913 jam
938 1849 1018 1893 nunc
1039 1841 1090 1893 tna
1111 1831 1242 1910 promito
1264 1845 1365 1901 sensa

386 1943 475 2005 Fare:
498 1940 573 2003 fides
596 1941 737 2021 quidnam
760 1937 830 2002 esti
851 1941 993 2004 Frontem
1013 1941 1104 2022 jubar
1124 1937 1215 2002 extuli
1238 1939 1275 2000 ad
1297 1937 1382 2012 iilud,

388 2052 474 2126 Quod
497 2051 541 2112 sic
562 2049 712 2131 spirabat3
734 2049 844 2113 deinde
866 2060 913 2114 est
934 2052 1068 2130 inspecta
1090 2049 1231 2111 Bennett.

387 2162 497 2224 Annuit
518 2161 577 2233 itta,
599 2169 633 2222 ut
653 2179 760 2240 aquam
782 2162 864 2224 tonte
886 2161 1029 2224 interiore
1051 2159 1198 2222 reducam

336 2287 370 2342 55
386 2271 506 2334 Effundi
528 2269 668 2332 sinerem.
714 2271 797 2344 Quae
819 2271 871 2333 dat
891 2271 965 2332 mihi
988 2271 1082 2349 gratia
1104 2283 1204 2332 eurem

386 2380 552 2462 Primipilc‚
576 2382 626 2461 qni
649 2380 689 2442 sit
708 2381 783 2442 mihi
806 2399 923 2454 sensus,
946 2381 1011 2451 sari,
1033 2397 1089 2459 ego
1111 2378 1207 2457 coepi,

387 2491 442 2554 Det
464 2509 583 2571 quoque
605 2497 652 2551 sat
675 2490 772 2552 claros
796 2491 924 2554 educere
945 2499 1068 2571 pectere
1089 2505 1209 2550 wreus.

387 2601 463 2662 Tum
484 2619 591 2681 porro:
615 2601 653 2663 Ut
674 2600 727 2662 tibi
750 2600 886 2675 dilectus,
908 2602 999 2664 Pater
1020 2599 1140 2680 optime,
1164 2599 1263 2668 irater,

388 2711 446 2785 Qui
467 2718 566 2772 tecum
588 2710 711 2773 Rumam
733 2711 857 2774 meliore
879 2713 911 2774 in
932 2710 1007 2774 calte
1034 2709 1150 2780 iecerit,

336 2822 370 2876 tt)
386 2820 451 2882 Jam
473 2817 608 2898 scripsit:
631 2819 753 2894 flerunt,
777 2841 851 2902 quae
873 2839 931 2884 nce
953 2837 1080 2902 sperare
1096 2815 1251 2896 jatmr,

390 2929 466 2992 Vere
486 2929 562 3010 fidet
582 2929 720 3010 sulewm
742 2941 795 3004 est,
818 2941 1084 3011 argumentumque
1106 2927 1252 2990 intem

387 3037 534 3102 Mortales
558 3037 710 3102 deminum
730 3045 832 3102 meus:
855 3039 924 3103 talis
947 3046 1050 3102 nature
1070 3038 1187 3100 ridetur

386 3147 471 3212 illius
493 3167 561 3212 esse
582 3149 666 3212 mihi.
689 3181 730 3196 -·
752 3150 826 3214 Dein
847 3150 922 3212 haee
943 3149 1042 3212 audita
1065 3147 1184 3228 loquela
1207 3151 1268 3208 est:

388 3259 434 3321 Tu
456 3269 538 3322 recte
560 3259 665 3334 sentis,
688 3261 714 3322 si
736 3267 816 3322 recte
838 3257 990 3338 inteiligis
1011 3257 1092 3320 iilam

337 3378 371 3433 65
389 3369 447 3442 Qut
469 3369 547 3431 inter
567 3387 616 3431 res
639 3370 728 3432 simul
751 3371 888 3450 interque
910 3375 1082 3448 argumenta
1102 3373 1238 3448 reponet.

430 3479 498 3540 Mox
519 3495 589 3556 ego:
613 3479 695 3552 Quae
718 3497 786 3541 sese
807 3479 880 3542 mihi
903 3479 974 3542 dant
996 3495 1102 3540 arcane
1124 3475 1259 3548 unienda,

389 3587 440 3650 Sic
461 3587 577 3651 latitant
598 3589 763 3670 falluntque
785 3589 863 3651 inme
884 3588 1022 3652 mortalis
1042 3587 1140 3666 gentis

387 3698 522 3772 Lumina,
545 3706 586 3772 ut,
609 3699 685 3762 haec
704 3717 777 3762 rere
799 3717 877 3773 esse,
900 3699 975 3762 fides
997 3715 1053 3778 pro
1075 3705 1152 3758 teste
1173 3695 1212 3756 sit
1233 3713 1303 3766 una,

389 3807 454 3881 Qua
476 3825 547 3888 spes
569 3808 626 3870 alta
648 3811 742 3884 sedet,
765 3817 863 3872 stante
884 3817 918 3871 ut
939 3807 1120 3880 itmdamine,
1143 3805 1230 3866 nina:

338 3935 372 3987 rc
387 3917 461 3979 inde
483 3917 527 3980 rei
549 3916 664 3982 solidae
687 3919 753 4001 ipsa
775 3919 850 3982 fldes
872 3919 930 3982 sibi
951 3917 1073 3981 nomina
1094 3915 1192 3978 satuit

387 4030 483 4108 Atque
505 4025 565 4089 tide
586 4045 623 4089 ex
644 4028 701 4090 ista
724 4047 779 4110 par
799 4037 845 4091 est
865 4029 1015 4092 deducere
1036 4025 1131 4089 robur

387 4140 645 4215 mementorum,
667 4139 746 4201 haud
768 4139 825 4202 elia
848 4140 975 4202 ducente
995 4137 1136 4210 incomta

388 4248 471 4310 Hanc
493 4248 602 4311 etenim
623 4247 691 4311 dieo
713 4249 850 4328 logicam.
871 4279 914 4294 ·-
935 4247 1011 4310 Tum
1034 4247 1134 4310 audite
1154 4241 1274 4323 toqueta
1294 4251 1356 4306 est:

390 4357 432 4431 si,
457 4357 602 4440 qsridquid
622 4357 708 4422 robis
730 4359 865 4424 doctrina
886 4359 1004 4422 discere
1025 4358 1071 4421 ias
1093 4364 1149 4429 est,
