3136 5164
689 343 1169 354 ——-——-—————-

582 397 715 448 ruuorsr
733 397 793 448 rut
1192 398 1254 460 299

78 625 81 655 ⁴
141 635 172 688 ro
188 617 242 680 Cui
265 613 355 678 modo
377 633 524 678 oemteem
547 621 595 676 est
614 613 697 686 solis,
720 615 810 676 modo
833 632 956 678 cernere
978 615 1114 688 frontem,
1224 697 1229 708 ¹

187 725 273 790 Unde
295 723 367 786 mihi
390 723 478 786 istius
500 723 655 804 desumpsi
678 723 798 786 exordia
822 731 936 786 eantus.

188 835 289 915 Ipsam
311 831 513 896 adscensurus
534 851 595 896 non
617 833 716 907 sensia
738 833 867 896 intrasse
888 833 1022 896 Basrnrx

187 943 363 1014 Admonuit:
386 961 516 1022 namque
537 943 587 1006 ilia
608 943 702 1022 magis
723 942 798 1005 mihi
818 942 882 1004 risa
904 943 1013 1006 decora
1034 952 1090 1006 est.

186 1055 229 1116 Ae
250 1053 340 1116 vetuti
363 1053 395 1114 in
416 1053 534 1116 damma
555 1051 630 1114 nitet
652 1051 838 1131 inspicienda
860 1051 967 1123 invitia,

140 1173 170 1227 15
186 1163 283 1243 thue
306 1163 337 1225 in
359 1181 431 1224 voce
453 1160 523 1224 lieet
544 1179 648 1224 vocem
670 1146 860 1239 distinguere,
883 1159 934 1224 ubi
956 1179 1015 1223 una

186 1273 283 1352 Atque
306 1270 410 1333 eadem
431 1279 540 1344 manet,
563 1277 652 1350 atqua
674 1269 736 1332 abit
757 1270 928 1350 exspatiata,
952 1270 1087 1352 reditque

75 1352 79 1451 J
186 1383 300 1444 Altera:
324 1381 369 1444 sio
391 1381 464 1444 alias
486 1380 545 1442 vidi
567 1380 625 1442 hae
646 1380 676 1442 in
699 1380 766 1442 tuoe
788 1379 900 1441 moveri

186 1491 351 1570 Lampadas
372 1491 403 1552 in
425 1507 528 1570 gyrum
550 1498 748 1569 properanter
768 1488 898 1568 piusque
920 1489 1089 1570 minusque,

185 1601 315 1662 Aeterno
338 1609 428 1680 prout
448 1599 556 1679 cuique
578 1598 639 1664 irui
659 1597 820 1678 splendore
842 1597 974 1670 dabatur,

75 1774 77 1803 Ι
138 1720 170 1772 tt
188 1711 223 1772 Ut
245 1729 324 1772 reor.
368 1709 484 1788 algenti
506 1727 657 1788 nunquam
678 1709 715 1770 de
736 1707 816 1771 nube
838 1718 962 1770 ruerunt

74 1814 78 1836 ¹
185 1819 352 1900 Perspieui‚
375 1827 430 1886 aut.
446 1819 529 1882 ooeoi
551 1834 641 1880 numu
663 1827 723 1880 tam
744 1827 885 1897 praepete
907 1820 995 1892 renti,

74 1906 77 2016 i
186 1930 224 1992 ot
246 1948 306 1991 non
328 1929 465 2009 impliciti
488 1927 621 2008 tonoque
642 1927 810 1990 videntibus
832 1927 888 1990 rso

74 2019 77 2057 ¹
187 2036 905 2109 mmmmmmm

188 2149 265 2229 Gyro
288 2149 464 2229 interrupto,
487 2147 572 2227 eujus
595 2146 756 2226 primordia
778 2145 815 2208 ub
838 2146 905 2210 aitis

137 2273 170 2327 25
186 2259 330 2339 inrepere
351 2259 435 2339 prius
457 2257 633 2336 Seraphim3
655 2265 726 2336 post
745 2256 830 2318 obvia
852 2256 948 2336 prima

75 2352 77 2383 ¹
185 2367 317 2430 nuribus
339 2367 437 2430 audivi
458 2361 624 2430 Horonon!
645 2375 704 2428 tam
726 2367 812 2428 dulae
834 2383 984 2440 canorum,

188 2478 225 2540 Ut
245 2493 396 2557 nunquam
418 2475 544 2557 posthae
565 2476 723 2556 repetitum
745 2475 848 2538 audire
871 2476 979 2556 cupido
1019 2489 1023 2500 ·

187 2588 320 2651 Besinat.
343 2619 382 2630 -
405 2587 522 2650 interea
543 2586 670 2666 propius
691 2603 747 2648 nos
769 2586 881 2649 adstitit
900 2605 988 2661 unus,

187 2697 225 2760 Et
246 2697 330 2760 solus
352 2697 441 2760 dixit:
463 2696 568 2759 Cuncti
590 2696 744 2772 indulgere
764 2695 857 2775 parati

138 2815 172 2868 ao
187 2805 244 2869 iiie
265 2806 319 2868 tibi
342 2825 397 2869 nos
420 2825 531 2878 sumus,
554 2815 588 2868 ut
608 2805 696 2868 nobis
719 2806 848 2884 paudere
868 2805 993 2870 taouitas

187 2917 233 2980 Sit
254 2916 318 2980 tihi.
360 2915 423 2980 Nos
445 2933 512 2980 enm
534 2915 721 2996 principibus
744 2915 924 2978 coelestibus
946 2935 1037 2980 unum

188 3027 354 3106 Circumagi
375 3027 406 3088 in
428 3044 530 3106 gynmr
553 3043 733 3105 cursumque
755 3025 894 3106 sitimque
916 3025 1057 3098 solemus,

187 3137 231 3200 nd
255 3155 331 3217 quos
353 3137 383 3198 iu
404 3135 494 3197 terris
515 3134 617 3198 fudisti
639 3134 720 3196 tune
740 3143 862 3214 pectore
883 3143 1016 3198 cantum:

191 3247 255 3318 Vos,
277 3255 468 3309 monstrante
488 3245 561 3316 Deo,
585 3247 667 3325 puris
690 3249 782 3308 tertio
802 3245 933 3325 spdoero
953 3247 1100 3310 movendo

136 3367 169 3420 aa
189 3357 336 3436 Codrion
359 3373 395 3416 ao
417 3361 495 3418 tanta
516 3353 604 3416 nobis
626 3371 679 3416 eor
700 3353 785 3416 ardet
805 3354 916 3416 amoris

187 3467 328 3538 Flamma,
351 3473 466 3528 utnon
488 3465 526 3526 sit
548 3463 634 3528 duioe
656 3439 755 3526 minus
778 3480 897 3526 cessare
918 3483 1088 3544 parumper,

187 3577 263 3640 Dnm
286 3573 339 3636 tibi
361 3584 407 3639 sat
427 3575 488 3636 iiat.
531 3573 693 3652 Postquam
714 3572 885 3653 pudibunda
907 3573 1043 3638 modeste

185 3685 311 3748 Lumina
333 3684 465 3746 converti
485 3683 522 3746 ad
544 3683 710 3756 Dominam,
733 3691 763 3746 et
785 3683 873 3746 simui
896 3685 962 3764 ipsa
983 3682 1113 3762 benigno

185 3795 304 3867 Annuit,
326 3802 413 3874 atque
434 3793 524 3856 tidem
546 3793 625 3866 teuit,
647 3793 705 3856 init
725 3793 854 3872 impetus
875 3793 956 3856 iiiam

136 3919 170 3974 so
185 3906 338 3986 Inspicere
360 3905 391 3966 in
412 3905 519 3976 lunam,
536 3921 617 3984 noae
638 3901 679 3964 mi
700 3902 873 3982 promittere
895 3911 1009 3966 tantum

185 4015 292 4078 Audita
315 4023 361 4076 est
383 4014 504 4088 donum,
526 4023 569 4076 et:
592 4011 656 4085 iiio,
678 4012 745 4092 onja
766 4008 824 4074 esi
846 4023 949 4076 nostra
970 4013 1069 4078 locuta
1092 4023 1138 4078 est

185 4127 284 4188 Sensu
305 4143 362 4186 ror
384 4124 529 4204 impressa
550 4124 601 4204 pio
622 4123 802 4202 penitusque
824 4123 985 4202 protundo.

185 4235 221 4298 Et
245 4241 352 4314 quanta
375 4242 404 4295 et
426 4233 523 4313 quatis
544 4233 611 4312 ptus
633 4241 680 4296 est
699 4233 773 4296 mihi
794 4233 857 4296 visu
878 4233 1030 4312 refulgens

71 4338 74 4431 J
186 4344 311 4410 Laetitia
332 4351 416 4406 aneta
438 4361 522 4416 nora,
546 4361 613 4405 oum
635 4361 683 4406 mo
705 4361 759 4406 sua
781 4343 885 4420 gaudia
907 4343 964 4406 tari
