3136 5164
1176 297 1468 473 ut

286 349 350 414 232
725 348 904 400 runcnronn
922 351 986 400 xxv.

353 568 410 630 ttio
432 569 559 630 sonitus,
603 568 712 641 Quare,
735 585 789 629 ceu
811 567 910 630 bellua
933 569 1033 630 territa
1057 577 1087 630 et
1108 587 1223 642 excors,

354 679 494 740 Excutior
516 677 647 757 tolloque
670 687 766 758 caput,
791 695 857 740 cum
880 696 1004 740 cernere
1026 696 1143 740 averem

289 787 582 863 tttiiaecsanten13
605 795 636 849 et
657 805 807 866 nunquam
830 788 888 850 vidi
912 788 981 866 igne
1003 788 1162 850 rubescere
1185 797 1266 852 tanto

354 899 414 960 Seu
434 895 583 976 liquidum
603 897 720 970 vitrum,
743 898 805 958 sire
828 897 858 957 in
881 897 1053 961 fornacibus
1075 917 1154 970 nera,

355 1007 393 1068 Ut
415 1007 562 1085 quendam
585 1006 707 1086 adspexi
730 1007 894 1067 dicentem:
917 1007 1057 1069 Scandite
1079 1008 1109 1068 io
1133 1008 1233 1080 situm,

356 1116 389 1177 Si
409 1134 462 1176 vos
485 1115 544 1177 tert
565 1117 690 1188 animus,
713 1134 783 1176 nam
804 1134 881 1194 opus
903 1124 950 1178 est
972 1116 1031 1178 huo
1052 1118 1173 1190 tiectere
1196 1135 1352 1195 gressum

356 1225 419 1286 Hac
440 1224 497 1286 iter
518 1225 652 1297 escilus,
676 1225 726 1304 qui
747 1233 886 1305 exoptant
906 1244 981 1305 pace
1002 1226 1102 1306 potiri.

290 1348 339 1403 1³5
357 1334 440 1397 iilius
462 1334 623 1414 adspectus
644 1334 718 1396 mihi
741 1334 853 1396 ademit
872 1335 982 1398 lumina
1005 1335 1104 1410 visus3

358 1446 456 1518 Quare
479 1444 618 1506 doctores
640 1444 768 1523 respexi,
792 1452 824 1506 ut
846 1445 897 1523 qui
919 1444 995 1524 pede
1016 1463 1120 1506 vocem

356 1554 594 1617 demonstrantis
616 1553 672 1614 iter
693 1554 844 1634 sequitur;
867 1553 1032 1634 qualisque,
1054 1555 1216 1636 propinqui

357 1664 472 1726 Nuncia
495 1663 636 1730 Luciferi.
659 1663 714 1726 sub
737 1663 805 1743 ttaji
826 1672 961 1742 tempora
984 1663 1102 1742 spirans

359 1776 434 1836 Tota
455 1773 536 1834 halat
556 1789 722 1852 praegnans
743 1773 845 1838 herbis
868 1780 899 1833 et
919 1773 1045 1836 floribus
1067 1793 1156 1848 aura;

294 1902 342 1954 tto
359 1883 425 1947 rati
447 1901 622 1964 percussam
643 1883 721 1945 venti
743 1882 816 1950 mihi
838 1883 956 1944 ssaniine
980 1884 1108 1946 frontem

360 1995 394 2056 ln
416 1994 515 2056 medio
538 1992 630 2064 sensi,
654 1999 684 2052 et
702 1991 828 2070 jactatae
850 1991 974 2054 verbere
995 1992 1123 2072 plumae,

362 2104 445 2178 Quae
467 2102 554 2166 simul
577 2101 745 2184 ambrosiae
764 2101 930 2181 jucundum
953 2102 1065 2164 afflavit
1085 2103 1227 2176 odorem

359 2219 456 2294 Atque
477 2211 565 2276 hausi
586 2212 641 2272 has
663 2229 768 2272 voces:
792 2211 816 2272 0
839 2219 942 2290 terque
965 2219 1127 2293 quaterque
1149 2211 1240 2284 beati,

363 2325 461 2387 Gratia
484 2322 570 2404 queis
592 2322 778 2384 tantum-dat
797 2320 928 2396 luminis,
951 2331 982 2384 ut
1003 2323 1100 2384 matus
1121 2323 1211 2385 ardor

297 2442 346 2495 rto
363 2435 470 2497 Suavia
493 2431 640 2512 captandi,
662 2431 740 2493 haud
763 2430 854 2494 niuria
875 2433 932 2494 hos
955 2431 1077 2511 iuligine
1099 2431 1206 2504 laedat,

363 2544 500 2606 Esuriem
517 2542 600 2623 josto
622 2559 742 2622 semper
761 2541 964 2606 moderamine
986 2560 1105 2622 passos.

847 2800 942 2883 XXV.

366 2983 446 3046 Hora
466 2981 565 3042 minus
587 2979 704 3062 patiens
726 2979 869 3060 deppqem
892 2981 1013 3044 tendme
1036 2981 1067 3042 in
1089 2980 1179 3044 altum

316 3081 321 3086 ¹
366 3094 530 3164 Adscensn‚
555 3090 808 3165 instaba13medii
832 3108 960 3169 namque
982 3089 1056 3152 orbe
1078 3089 1136 3152 diei

369 3204 523 3274 Confecto,
545 3201 626 3262 hunc
648 3201 746 3262 Tauro
768 3208 856 3280 atque
877 3201 979 3280 Nepae
1001 3198 1047 3260 soi
1069 3212 1200 3262 cesserat
1223 3200 1354 3264 umbras.

413 3315 511 3386 Quare
533 3329 587 3372 ceu
609 3312 662 3382 vir,
687 3311 736 3390 qui
759 3309 897 3374 indocilis
919 3310 1085 3372 consistere
1111 3327 1232 3374 cursum

336 3421 493 3494 elusistit,
517 3437 720 3499 quaecumque
742 3419 800 3481 sibi
822 3438 870 3481 res
893 3420 978 3481 obvia
1001 3419 1059 3490 fiat,

372 3532 405 3594 Si
428 3529 498 3610 quid
522 3548 589 3590 eum
611 3529 730 3592 stimido
753 3537 880 3610 pungat3
902 3530 946 3590 sic
968 3529 1076 3590 ostium
1098 3527 1217 3599 inimus,

371 3623 548 3703 Prendimus
571 3647 601 3700 et
622 3638 732 3700 scalam
753 3640 924 3718 praeeuntis
946 3646 1028 3714 terga
1051 3636 1235 3728 prremeudo;

372 3751 444 3812 Nam
467 3749 559 3810 nimis
580 3756 661 3810 arcta
683 3755 760 3810 rotat
781 3749 892 3828 pariter
913 3749 1115 3810 conscendere
1137 3748 1236 3810 binos.

374 3859 486 3933 Qualis,
511 3857 560 3919 ubi
582 3866 700 3937 pastum
722 3867 768 3920 est
790 3874 911 3934 egressa
933 3857 1057 3933 ciconia,
1080 3857 1179 3936 pullus

278 3965 284 3978 '
325 3979 358 4032 tu
374 3970 442 4032 Aias
464 3967 579 4038 attollit,
602 3967 701 4029 studio
724 3967 893 4030 stimulante
914 3967 1043 4040 volandi,

372 4079 522 4158 Linquere
545 4076 598 4138 sed
621 4076 722 4138 nidum
743 4077 821 4140 haud
843 4097 944 4152 ausus,
968 4076 1089 4139 dimittit
1109 4083 1266 4156 utrasque:

374 4188 456 4251 Talis
480 4203 534 4264 ego
557 4203 712 4248 accensam
735 4187 822 4249 simul
844 4187 1079 4265 exstinctamque
1100 4187 1225 4264 rogandi

376 4297 533 4362 Gestabam
555 4314 663 4372 curam,
688 4317 762 4378 quae
785 4307 889 4362 nutum
910 4296 1039 4377 enunpit
1061 4295 1206 4366 initium,
