3124 5170
542 460 737 512 thttssnotttttt
756 461 819 510 xit.

71 488 74 559 l

70 602 73 673 l

70 680 73 747 l
119 693 164 747 itt
179 680 358 760 Tempestas
379 677 524 752 violenta,
548 678 626 740 acris
648 685 819 758 prosternet
840 679 871 740 iu
893 697 964 758 agro

70 762 73 871 l
180 791 293 854 Piceno
318 796 448 851 armatas
470 787 552 850 acies
574 787 630 850 suh
652 788 770 851 turbine
792 787 881 861 helli;

69 902 72 973 l
182 902 281 975 Quare
303 897 485 979 improvisus
507 896 647 960 nebulam
669 897 735 977 ipse
757 895 927 978 abrumpet,
951 906 981 960 et
1001 898 1098 960 husus

69 978 72 1107 l
183 1009 318 1090 Quisque
340 1027 426 1069 suurn
448 1006 554 1068 vulnus
576 1006 788 1069 lacrimahitur.
810 1039 852 1052 —-
874 1006 955 1068 llaec
977 1026 1032 1087 ego
1054 1008 1125 1082 dixi,

69 1304 72 1369 l

183 1119 220 1182 Ut
241 1119 296 1180 tihi
317 1118 380 1181 sint
401 1117 509 1180 misere
531 1125 695 1197 noctesque
717 1116 842 1196 diesque
864 1116 1001 1180 dolenda.

663 1377 760 1458 llllll.

70 1590 72 1613 ι
225 1559 320 1622 Verba
342 1557 399 1619 suh
422 1556 479 1618 ista
501 1573 607 1618 mantas
630 1556 679 1616 lor
700 1554 823 1628 tollens,
846 1556 955 1636 pollice
977 1558 1126 1638 utrimque

70 1616 73 1707 l
183 1671 299 1732 inserto
321 1667 353 1729 in
375 1667 502 1744 digitos:
526 1666 619 1746 Cape,
643 1665 698 1738 ait,
721 1665 816 1740 Deua3
838 1667 912 1728 haec
934 1666 988 1728 tihi
1010 1668 1120 1748 pando.

71 1842 73 1859 ,
184 1781 346 1860 Serpentes
368 1776 459 1838 habui
481 1783 551 1856 post
573 1774 644 1836 illud
667 1782 784 1855 tempus
807 1775 927 1850 amicas,

183 1891 315 1969 Namque
336 1905 396 1948 una
418 1905 454 1947 cx
476 1885 536 1947 illis
557 1885 667 1948 collum
690 1884 844 1964 complexa
867 1886 1011 1959 cohaesit,

71 1980 74 2089 l
152 2000 237 2064 aliis
258 1997 349 2061 veluti
373 2003 525 2076 argueret:
548 1995 642 2067 Nolo,
665 1994 805 2058 ulteriora
828 1995 961 2076 loquare.

72 2094 75 2183 l
181 2109 307 2171 Brachia
330 2106 497 2186 corripiens
519 2104 690 2184 ingentibus
712 2104 804 2166 altera
826 2105 917 2184 spiris
997 2155 1003 2162 .

183 2219 297 2292 Viorit,
321 2218 366 2279 sic
387 2235 455 2278 sese
477 2223 561 2296 parte
583 2214 731 2276 anteriore
753 2223 941 2295 retorquens,

185 2330 219 2392 Ut
241 2329 268 2388 vi
292 2345 360 2389 cum
382 2326 499 2406 gemina
521 2325 599 2386 haud
621 2332 703 2386 esset
724 2333 827 2387 nutare
849 2333 993 2406 potestas.

223 2440 269 2501 Ah
292 2436 365 2500 urbs
387 2435 518 2508 Pistori,
540 2433 612 2496 urhs
635 2433 764 2496 Pistori!
788 2434 847 2496 Cur
870 2434 922 2496 tibi
944 2436 1076 2497 nondum

70 2526 72 2626 l
136 2557 167 2608 ιθ
184 2548 305 2612 Solvere
327 2555 357 2609 te
378 2546 408 2608 in
431 2553 537 2608 tenues
559 2543 665 2606 suadet
684 2562 770 2606 mens
792 2552 872 2606 certo
895 2545 1019 2618 lavillas,

70 2662 72 2703 :
183 2659 313 2722 lllterius
336 2675 374 2718 ne
393 2657 455 2738 jam
478 2650 591 2716 dures?
613 2654 687 2716 Nam
708 2655 841 2734 pessima
863 2674 967 2719 samen

187 2770 280 2832 Omne
304 2776 387 2830 tuum
408 2784 532 2846 superas
555 2763 643 2826 lactis
665 2764 807 2845 ausisque
828 2765 976 2828 celandis.

187 2879 316 2940 Cunctos
338 2895 394 2957 per
415 2875 513 2937 circos
535 2874 613 2953 nigri
635 2874 763 2952 caligine
783 2875 891 2936 Averni

186 2988 270 3050 Nulla
292 2988 388 3050 usum
411 2994 514 3048 conha
537 2984 581 3046 sic
603 2984 683 3047 vultu
707 2984 782 3046 elata
805 2984 935 3064 superbo

71 3139 72 3153 ,
139 3103 169 3154 lt
187 3097 295 3160 Umbra
317 3096 392 3158 mihi
414 3096 477 3158 visa
499 3103 561 3169 esta
583 3113 643 3156 non
667 3093 747 3156 illius
770 3094 874 3156 umbra
897 3095 1022 3174 tyranni,

70 3216 72 3229 '
188 3209 283 3282 Quem
306 3206 454 3270 cecidisse
476 3207 576 3267 lerunt
597 3204 757 3267 Thebanae
779 3224 814 3266 cx
835 3204 992 3266 moenibus
1015 3205 1102 3268 arcis.

227 3318 257 3379 ls
279 3315 326 3378 sic
348 3315 479 3396 dillugit,
501 3313 623 3376 verbum
645 3326 677 3376 ut
698 3332 759 3376 non
780 3314 903 3377 adderet
925 3333 1033 3388 unum;

69 3442 71 3461 ¹
184 3429 280 3508 Atque
303 3442 358 3504 ego
381 3433 554 3488 centaurum
575 3423 704 3486 stimulis
727 3423 882 3486 furialibus
904 3431 1002 3487 actum

69 3540 71 3559 '
185 3536 251 3599 Vidi
274 3547 497 3610 occursantem,
520 3553 628 3614 magno
651 3535 782 3597 elamore
803 3542 973 3613 rogantem:

68 3626 71 3643 ¹
134 3657 169 3708 ao
187 3647 269 3722 Quo,
293 3664 353 3725 quo
374 3635 525 3726 proripuit
546 3665 594 3718 se,
618 3663 677 3725 quo
698 3644 750 3707 ille
773 3643 867 3708 evasit
888 3642 1037 3708 acerbus?

68 3770 71 3821 l
185 3757 286 3830 Nulla,
308 3774 394 3826 reor,
417 3755 510 3818 maris
532 3774 584 3818 ora
607 3755 663 3816 luit
684 3762 728 3817 tot
748 3754 836 3834 plena
859 3755 1000 3829 colubris,

68 3836 70 3905 l
189 3866 285 3939 Quam
306 3865 398 3928 multa
420 3865 492 3927 huic
512 3864 615 3928 clunes
638 3873 810 3944 serpentum
831 3864 917 3928 turba
939 3864 1066 3944 tegebat,

66 3966 70 4067 l
188 3977 343 4049 Quatenus
365 3975 512 4036 humanae
535 3975 693 4056 coniuncta
715 3983 762 4036 est
783 3975 876 4036 lorma
900 3975 1005 4037 lerina.

67 4092 69 4121 ¹
186 4085 264 4147 Huic
285 4086 426 4147 humeros
447 4103 553 4165 supra,
576 4093 697 4165 etpost
718 4084 795 4146 colla
813 4084 935 4164 jacebat
955 4092 1074 4164 apertas

65 4180 69 4327 1
133 4203 168 4258 25
185 4194 335 4257 Attollens
356 4194 418 4257 alas
441 4196 548 4266 draco,
571 4203 677 4256 cuncta
700 4193 786 4256 obuia
808 4196 947 4258 adurens.

66 4334 69 4401 Ι
231 4303 326 4367 Cacus
349 4303 375 4366 is
398 4313 458 4378 est,
481 4304 580 4393 inquit
599 4304 737 4384 sapiens,
761 4304 812 4384 qui
834 4323 925 4385 saepe
946 4312 1098 4366 cruentam

65 4412 68 4523 q
184 4413 270 4476 Fecit
291 4413 430 4478 Aventini
450 4415 562 4478 montis
583 4413 640 4478 suh
662 4433 735 4494 rupe
757 4413 903 4476 lacunam.

65 4528 68 4587 l

1123 4435 1307 4622 ‚n
