3136 5164
96 397 98 427 Ι

93 681 96 827 l

92 832 96 947 l

93 950 96 993 l

609 397 741 448 elnlulsr
761 396 801 448 ιιι.
1210 401 1272 463 279

704 681 764 764 tlt.

204 831 263 906 Qui
285 833 358 894 mihi
380 834 426 894 sol
448 841 554 911 peetus
575 835 660 912 prius
682 834 876 898 inflammarit
897 855 1007 909 amore.

202 943 383 1005 Monstrarat
403 943 530 1023 pulchri,
553 943 674 1023 dempto
694 945 850 1018 velamine,
874 943 944 1018 veri,

203 1052 278 1115 llum
300 1071 354 1114 aua
377 1053 542 1126 eonllrmat,
565 1062 668 1116 uestra
689 1063 864 1132 argumenta
886 1057 1004 1126 refutet,

203 1162 384 1241 Adspeotum
407 1161 534 1224 dulcem.
575 1163 710 1242 Jamque,
734 1174 766 1224 ut
786 1175 916 1226 mentem
938 1166 1004 1246 ipse
1027 1167 1137 1228 tolerer

92 1286 95 1315 ι
169 1271 361 1349 bPurgatam
383 1279 555 1342 etoertarn,
578 1272 804 1344 extuleram‚·ut
825 1274 920 1352 magis
942 1275 1052 1338 arduus
1074 1295 1126 1338 ore

201 1381 303 1454 Farer,
326 1380 425 1461 quoad
446 1379 555 1453 decuit,
578 1390 675 1461 eaput.
719 1386 772 1444 Ast
794 1384 910 1467 obieeta
933 1393 1056 1466 repente

202 1491 260 1553 Est
277 1489 374 1552 oeulis
395 1491 452 1552 visi
473 1491 602 1572 speeies.
626 1511 701 1571 «luae
723 1492 858 1573 inspeota
881 1495 1008 1556 revinxit

202 1601 248 1663 lle
270 1609 365 1662 toturn
386 1619 482 1680 usque
504 1600 588 1672 adeo,
612 1607 645 1662 ut
664 1611 854 1681 praesentem
876 1605 1079 1666 erreturiateri

202 1711 317 1772 Fixerit
337 1711 551 1772 immemorem.
595 1712 657 1773 Ceu
678 1729 734 1791 per
753 1712 914 1792 polluetur,
935 1721 1016 1776 tersa

123 1825 127 1834 '
156 1819 186 1870 ¹⁰
204 1819 300 1882 Vitrea
323 1839 402 1890 vasa,
425 1832 478 1882 aut
497 1838 561 1900 per,
583 1820 666 1882 mullo
689 1821 836 1892 turbante,
859 1821 989 1884 nitentes

203 1928 352 2010 Lymphae
374 1929 453 1992 baud
475 1932 551 1992 altas
572 1931 627 2002 sio,
650 1940 683 1993 ut
703 1931 787 1994 tundi
809 1932 868 1992 ima
891 1934 1070 2011 nigrescant,

203 2039 316 2100 Tenuia
340 2047 399 2101 tam
420 2040 548 2102 redeunt
567 2049 689 2102 nostrae
710 2041 857 2103 exteriora
879 2043 1000 2118 figurae,

203 2151 300 2221 Quam
320 2147 430 2212 baoeae
452 2151 573 2226 candor,
595 2151 680 2212 nivea
703 2151 753 2230 qui
776 2150 807 2212 in
829 2153 928 2214 fronte
949 2151 1082 2226 locetur3

201 2258 255 2320 Sie
274 2258 348 2320 mibi
370 2279 404 2322 se
426 2260 596 2322 obtulerent
616 2261 672 2322 lari
694 2261 778 2340 plura
801 2277 853 2322 ora
876 2269 996 2340 pamla3

155 2377 184 2432 lt
203 2369 302 2441 Quare
324 2387 373 2431 me
394 2370 489 2431 errori
512 2371 592 2450 oepit
613 2371 781 2433 contrarius
801 2387 893 2442 error,

202 2479 270 2552 Quo
290 2477 337 2540 vir
357 2497 459 2540 amore
480 2480 555 2542 erait
575 2490 683 2561 eaptus
703 2481 855 2560 lentisque
877 2481 993 2561 suique.

203 2587 292 2662 Quod
313 2588 440 2650 simulne
460 2590 559 2662 sensi,
581 2600 663 2654 ratus
685 2590 759 2652 haee
780 2591 938 2652 simulaora
961 2591 1080 2670 repulsu

200 2696 389 2778 bruerolis,
411 2706 444 2760 ut
465 2699 531 2780 onie
555 2707 657 2762 essent
678 2717 860 2777 cognoscere
882 2717 1013 2780 possem,

201 2807 361 2870 Conversis
382 2809 500 2888 respexi
523 2809 635 2884 oeulis3
656 2807 709 2871 sed
732 2809 814 2871 nulla
833 2810 935 2874 villere

153 2930 186 2981 au
201 2917 341 2996 Contigit,
364 2918 472 2998 hisque
492 2918 568 2980 aetio
590 2935 663 2998 praa
684 2937 741 2990 me,
764 2919 851 2980 (lueis
871 2937 923 2982 ora
946 2920 1035 3000 petivi

200 3027 311 3099 Dulcis,
334 3029 371 3088 ab
393 3028 441 3088 bis
462 3029 608 3106 pendens,
630 3047 707 3108 quae
728 3028 874 3090 ardebant
895 3030 1007 3091 lumine
1028 3042 1141 3091 saneto.

200 3137 236 3197 ,lt
257 3137 332 3198 mibi
354 3138 530 3200 subridens:
552 3138 619 3200 Noli
642 3139 825 3210 admirerien
850 3140 955 3218 inquit,

199 3245 368 3322 bidentem,
391 3255 548 3328 postquam
572 3247 638 3328 ipsa
661 3259 743 3311 tuum
765 3248 880 3329 puerile
901 3249 1001 3310 notavi

197 3356 359 3431 Iudicium,
383 3357 523 3437 quoniam
546 3367 595 3420 lua
618 3358 717 3438 planta
740 3358 880 3422 insistere
902 3377 973 3420 rero

150 3472 183 3526 25
199 3465 266 3529 Non
290 3467 392 3540 eredit,
415 3467 470 3528 sed
492 3485 575 3528 more
597 3485 652 3529 suo
674 3477 704 3529 te
725 3465 810 3530 ducit
830 3465 911 3530 inani

199 3576 324 3638 Conutu.
368 3575 450 3650 Quas
472 3587 503 3640 tu
526 3579 624 3640 earnis
645 3577 702 3640 sub
724 3577 862 3657 imagine,
885 3595 972 3642 verae

198 3687 276 3748 Sunt
297 3685 423 3760 animae,
445 3687 504 3748 buo
525 3687 645 3761 missae,
669 3688 747 3767 quia,
770 3705 846 3768 quae
868 3705 983 3759 rovere,
1007 3689 1136 3752 latentur

198 3797 238 3859 Se
260 3795 337 3857 rotis
359 3796 508 3858 mansisse
530 3796 639 3860 minus.
682 3799 783 3871 Quare
804 3798 955 3878 alloquere
978 3797 1054 3869 illas,

197 3905 285 3980 Audi,
307 3913 396 3985 etque
418 3905 495 3969 adde
515 3906 605 3968 fidem
626 3907 726 3970 dietis.
768 3908 843 3972 Nam
865 3909 962 3970 vivida
983 3907 1046 3970 veri

150 4019 183 4072 to
197 4013 270 4088 Lux,
294 4015 585 4089 ostunensem,
608 4036 624 4079 a
647 4035 681 4079 se
702 4018 757 4080 baa
779 4017 939 4082 delleolere
961 4035 1082 4098 pessum

197 4125 295 4188 Ullum
317 4143 379 4188 uou
399 4125 522 4206 patitur.
542 4157 585 4172 -
607 4127 683 4190 'lum
705 4145 804 4199 unam,
827 4145 903 4208 quae
926 4129 987 4190 risa
1011 4127 1150 4208 loquendi

197 4235 268 4298 Plus
291 4235 402 4316 cupida
423 4245 478 4310 est,
500 4235 635 4300 umbram
658 4238 715 4300 luit
735 4237 843 4315 ingene
864 4237 953 4300 ardor
974 4236 1073 4310 adire3

197 4345 234 4408 Et
255 4341 354 4426 coepi,
377 4345 462 4426 qnasi
485 4363 573 4427 quem
595 4347 726 4410 studium
749 4347 840 4410 nimis
861 4365 930 4410 aere
951 4347 1075 4424 infigat·
