3124 5170
540 459 734 512 intendentis
753 462 810 514 xxi.

71 514 74 556 t

69 596 72 651 i

69 684 71 719 t
176 677 293 739 Glutine
316 686 602 752 restauratorem,
626 678 712 758 queis
733 679 866 742 membra
890 681 1040 754 fatiscunt,

68 722 71 875 ι
129 795 159 846 1⁰
175 788 341 868 Tempore,
365 807 424 868 ouo
446 795 599 868 nequeunt
619 789 742 868 pelagus
764 796 879 852 tentare
900 798 1089 869 proteraums

173 898 293 976 Proque
314 896 418 959 labore
439 897 503 960 viae
525 916 628 960 narem
651 898 741 962 struit
761 897 818 974 iste
840 899 996 972 novellam,

174 1007 227 1068 lile
248 1017 423 1087 peragratas
444 1007 565 1086 longum
586 1007 660 1069 rada
683 1007 801 1070 eaenrla
822 1008 944 1087 cymbae

175 1117 303 1180 Obnarat
324 1125 440 1188 costas,
463 1135 584 1196 proram
606 1115 656 1178 ilie
676 1117 856 1196 repercutit,
878 1117 930 1182 ille

174 1225 319 1306 Puppim,
342 1244 441 1288 remos
464 1225 516 1288 iile
537 1225 630 1305 polit,
654 1235 737 1288 tenet
756 1226 814 1290 iste
835 1227 987 1301 uidentes,

129 1347 157 1400 15
174 1336 243 1398 Vela
266 1335 381 1396 minora
404 1334 498 1408 alius,
522 1336 694 1416 majoraque
717 1335 841 1398 carbasa
863 1336 969 1400 sarsit:

68 1428 71 1557 t
174 1445 240 1517 su,
263 1463 325 1509 non
346 1444 374 1505 u
396 1445 548 1518 nammis,
571 1443 671 1506 annu
694 1453 725 1506 n
745 1445 878 1508 namins
900 1455 965 1508 nu

68 1566 71 1647 t
173 1555 240 1615 iilic
262 1553 393 1616 terrebat
413 1553 465 1634 pix
486 1553 579 1616 densa
601 1563 690 1634 atque
713 1554 844 1634 undique
866 1556 963 1635 ripam

69 1652 72 1713 i
173 1663 384 1744 conspergens
405 1663 498 1726 visco.
542 1663 626 1726 Hanc
647 1665 731 1744 potui
752 1665 843 1728 modo
866 1682 1009 1740 eernere,
1030 1665 1062 1728 in
1084 1667 1134 1730 iila

172 1773 239 1834 Non
261 1772 361 1853 potui,
384 1781 505 1853 piraeter
525 1789 664 1853 spumas,
686 1791 753 1838 eum
775 1774 892 1852 turgida
914 1775 952 1840 ab
973 1783 1059 1840 aestu

126 1899 157 1948 aa
173 1883 250 1944 Tota
272 1883 461 1961 insurgebat,
485 1883 581 1944 donee
603 1901 777 1964 compressa
797 1885 926 1948 sederet,

71 2034 74 2089 5
215 1993 280 2054 Hoe
302 2011 358 2071 ego
380 1992 411 2053 in
434 1991 539 2054 obtutu
560 2011 627 2054 cum
649 1993 762 2057 lumina
783 1995 840 2057 tina
862 2002 1003 2067 tenerem,

72 2102 75 2147 ¹
173 2103 253 2164 Dux:
277 2103 405 2175 Careas,
429 2100 549 2164 cavensi
572 2101 685 2182 inquit,
708 2121 815 2182 meque
837 2103 907 2168 inde
928 2103 1060 2178 retraxit,

73 2188 76 2293 ξ
172 2213 231 2274 Pes
253 2211 305 2274 ubi
328 2209 512 2276 eonstiterat
557 2211 633 2274 Tum
653 2211 727 2274 verti
748 2212 861 2276 lumina
883 2225 973 2288 retro,

172 2322 239 2383 Non
262 2338 352 2384 seeus
373 2337 410 2382 ne
431 2319 489 2382 sibi
512 2321 563 2400 oui
585 2339 655 2384 sero
676 2321 788 2384 vidisse
809 2321 927 2386 ridetur

71 2402 74 2501 ἶ
126 2445 157 2498 25
174 2432 259 2505 Quae
282 2431 365 2492 novit
384 2431 537 2509 fugienda,
562 2431 651 2494 timor
672 2430 720 2492 eui
742 2431 880 2511 protinus
901 2440 983 2496 artus
1056 2491 1059 2498 .

70 2506 72 2553 Ι
173 2541 331 2614 Debilitat,
355 2559 443 2620 ornem
463 2541 526 2604 risa
547 2542 636 2619 fugae
658 2541 730 2604 dare
752 2548 833 2619 terga
854 2551 1021 2606 morantem

69 2655 72 2749 j
172 2651 239 2713 Non
261 2650 396 2724 iaciunt3
419 2658 540 2730 etpost
561 2649 661 2730 aspexi
684 2651 836 2714 Daemona
857 2652 974 2731 nigrum

68 2836 70 2851 ⁴
173 2763 295 2823 Summa
318 2759 530 2822 ascendentem
550 2759 667 2839 senputi
689 2760 809 2839 fastigia
831 2777 920 2826 eumn
1236 2844 1243 2857 Ι

68 2858 71 2957 i
171 2871 329 2950 Praepete.
371 2871 423 2944 Et,
446 2871 519 2942 hen,
542 2879 685 2949 ouanurm
707 2869 835 2932 feritatis
856 2871 888 2932 in
910 2889 963 2934 ore
985 2872 1118 2936 terebat!

68 2970 70 3025 ἱ
127 2987 158 3039 aa
173 2980 270 3055 Quam
293 2977 367 3040 mihi
388 2980 470 3042 risus
492 2987 557 3042 erat
577 2979 664 3043 iuriis
686 2979 813 3058 agitatus
836 2980 962 3054 acerbis,

68 3084 70 3145 t
172 3088 352 3170 Expendens
374 3075 454 3161 alas,
477 3097 508 3168 et
528 3089 575 3151 vix
597 3101 719 3168 tangens
741 3090 818 3169 pede
839 3089 965 3154 terram!

67 3208 70 3283 t
173 3199 238 3262 atre
261 3206 466 3276 assurgentem
488 3199 559 3261 huie
579 3199 749 3272 humerum,
773 3199 823 3278 qui
848 3207 913 3264 erat
933 3219 1037 3280 asper,
1060 3209 1176 3276 aeuws,

67 3334 68 3353 ¹
174 3311 336 3372 Damnatus
359 3308 479 3388 quidam
501 3308 585 3372 coxis
605 3308 750 3372 onerabat
770 3308 917 3390 utrisque,

66 3450 69 3493 μ
173 3421 262 3499 Isque
284 3418 394 3498 pedum
416 3417 486 3480 huic
508 3435 629 3480 uersum
651 3417 810 3480 violentius
831 3437 930 3498 usgue
951 3418 1081 3482 tenebat.

126 3535 157 3587 35
215 3528 318 3604 Nostri
341 3527 482 3592 custodes
504 3528 619 3607 pontis,
643 3528 720 3590 senii
741 3528 890 3608 unguibus
912 3547 1006 3602 aeres,

175 3639 328 3700 Clamabat
348 3636 469 3718 proeul,
492 3655 563 3700 eene
584 3637 636 3698 hie
657 3653 673 3700 e
695 3638 867 3702 senioribus
889 3657 967 3702 uuus

65 3720 67 3769 Ι
174 3749 216 3810 [te
238 3749 354 3810 Sinera
376 3748 463 3810 Zara:
486 3754 604 3809 sontem
625 3746 802 3826 supponite,
825 3757 896 3827 post
915 3748 996 3812 hune

64 3816 67 3921 i
173 3858 342 3919 Pressuras
364 3856 497 3937 reliques
518 3875 588 3920 mox
608 3855 675 3936 ipse
696 3865 830 3920 revertor
851 3858 889 3920 ad
911 3857 993 3958 iiipm

65 3974 67 4007 ¹
174 3967 311 4038 Terram,
333 3966 383 4032 his
403 3965 561 4044 magnifiee
581 3966 778 4046 popularibus
798 3977 980 4032 exornatam

65 4140 66 4149 ,
124 4077 310 4156 modisque
333 4075 465 4147 etenim,
481 4083 606 4156 excepto
628 4075 786 4150 Bonruam
808 4085 858 4140 est
875 4077 980 4142 fallere
1001 4078 1123 4142 noema:

173 4187 307 4266 Namque
330 4205 385 4266 per
405 4185 483 4248 hane
503 4184 627 4250 minime
648 4188 683 4250 iit
703 4186 845 4260 manime,
869 4187 920 4250 ubi
942 4187 1068 4267 imperet
1089 4205 1202 4252 aurum.
1291 4180 1293 4262 i

172 4298 269 4376 Atque
291 4295 392 4361 isthua
411 4294 541 4375 projeeit
561 4271 642 4368 eum,
665 4313 779 4376 perque
800 4297 893 4360 ardua
914 4297 981 4360 duri
1291 4296 1293 4315 '

173 4405 270 4468 Flexit
291 4405 348 4470 iter
367 4404 502 4484 scopuli,
524 4421 581 4468 nee
603 4405 724 4484 dempto
746 4408 817 4470 tune
839 4406 990 4470 molossus

836 4566 1295 4620 ----------*-...i
