3142 5166
741 389 923 442 eductionis
940 390 1007 440 ΧἼΙΙ.

368 611 551 674 (insanandus
575 607 736 672 exstinctae
758 607 927 690 exemplum
949 624 1111 689 superesse
1132 607 1243 690 pneris

368 721 482 794 Gentis,
506 727 538 782 ut
559 717 681 798 objiciat
702 718 779 782 male
802 717 881 780 canite
901 718 1032 781 dedecus
1049 735 1131 793 aevo,

368 831 427 894 Fac
449 828 570 891 doceas.
592 861 635 874 -
655 829 715 890 dut
735 846 784 890 me
805 826 911 892 ludunt
932 835 981 890 tua
1003 827 1101 900 verba,
1123 827 1170 890 vel
1190 829 1258 911 ipse

302 957 351 1012 ltu
367 939 415 1002 nte
436 946 542 1010 unus,
566 937 671 1016 inquit,
694 937 756 1016 qui,
778 955 918 1001 sermone
940 955 1012 1000 usus
1034 937 1193 1012 Hetausce,

367 1049 486 1112 iustum
509 1047 838 1132 Gneusnunupenitus
860 1045 977 1110 nescire
998 1046 1118 1110 videris.
1141 1078 1183 1092 -

369 1157 456 1220 Hunc
477 1175 539 1220 nen
560 1175 597 1218 ea
618 1156 676 1220 alic
699 1155 768 1218 novi
789 1154 976 1234 cognomine,
1000 1174 1089 1236 quam
1110 1157 1137 1218 si

369 1266 413 1329 Ex
436 1265 505 1346 Caja
527 1284 657 1340 sumam,
676 1284 736 1346 que
757 1273 841 1345 patre
863 1265 939 1328 haec
960 1264 1038 1328 edita
1060 1265 1163 1328 serum

414 1375 641 1456 saisselinus
665 1369 741 1438 ultae
763 1384 812 1438 cst
830 1374 904 1438 mihi
925 1375 971 1438 ias
993 1375 1175 1440 contendere
1196 1394 1322 1456 gneum

304 1497 353 1552 1³5
370 1485 542 1566 Prospectu,
565 1492 598 1546 ut
619 1483 732 1546 enum
752 1484 905 1548 radiantur
926 1483 1027 1546 nubila
1048 1485 1121 1548 fumi

370 1595 451 1657 Luce
474 1611 549 1656 nova
571 1593 714 1667 immissa,
737 1594 849 1674 etjam
870 1613 919 1656 me
940 1593 1096 1658 discedere
1118 1604 1256 1676 opertet;

371 1703 502 1784 Angelus
524 1710 572 1768 est
592 1702 663 1778 illic,
683 1721 721 1766 ne
742 1722 791 1767 me
812 1711 950 1784 occupet.
992 1703 1053 1768 leta
1074 1704 1192 1770 loeutus

371 1813 438 1876 Nun
459 1811 536 1876 dua
558 1811 594 1874 ad
617 1822 738 1875 nostres
760 1831 916 1878 semones
939 1831 1010 1876 aune
1031 1815 1152 1878 vacant

851 2071 951 2156 xvii.

373 2249 470 2320 flente
492 2252 544 2314 tibi
566 2271 712 2328 mensura,
731 2251 758 2314 si
780 2251 909 2333 quande,
932 2251 1037 2325 lector,
1058 2250 1091 2314 iu
1111 2251 1186 2333 Aipe

374 2362 418 2424 Te
439 2361 548 2426 usbida
569 2362 703 2436 effendit,
725 2381 782 2443 per
803 2379 892 2442 quesn
913 2361 959 2424 sic
980 2360 1047 2440 ipse
1067 2359 1194 2438 videres,

375 2471 459 2534 Sicut
478 2490 534 2553 per
554 2473 664 2554 pellem
684 2471 799 2552 talpaea
820 2479 863 2546 ut.
885 2470 1009 2535 simulac
1029 2488 1122 2551 vapor
1141 2472 1271 2536 humeae

374 2582 419 2643 Ac
439 2582 552 2646 densam
573 2582 673 2662 eoepit
692 2599 854 2656 urescere,
877 2579 991 2661 spicula
1013 2580 1089 2644 selis

341 2691 518 2754 suebiliur
538 2699 716 2773 penetrant;
738 2691 813 2754 levis
833 2691 907 2754 haec
928 2689 983 2752 tibi
1004 2699 1106 2769 stupet
1127 2689 1236 2769 image,

375 2801 419 2864 Ex
441 2820 499 2881 qua
521 2801 673 2882 conjicias,
695 2819 755 2882 que
778 2819 869 2864 sensu
890 2799 1002 2864 lumina
1022 2801 1152 2881 primun

376 2911 442 2973 viat
464 2911 570 2972 iterum
592 2909 675 2984 selis,
698 2910 750 2990 qui
771 2909 987 2992 praecipitabat
1007 2911 1039 2975 in
1060 2929 1183 2991 nequer.

420 3020 472 3084 Sic
493 3019 570 3084 duce
590 3037 770 3100 progressus
792 3037 860 3084 cusu
880 3019 941 3082 tide
963 3019 1102 3100 passibus
1123 3020 1240 3102 aequis,

377 3131 460 3194 Exivi
482 3129 613 3193 tenebris
635 3128 672 3192 ad
689 3128 754 3210 J‘am
775 3128 969 3192 intenncrtua
988 3129 1021 3193 in
1043 3129 1112 3192 imis

329 3249 362 3304 ld
378 3241 504 3304 Lumina
526 3239 616 3318 agiu.
659 3239 685 3302 0
708 3257 802 3312 mens,
826 3257 901 3320 quae
923 3257 979 3302 nas
1001 3238 1042 3302 ita
1062 3240 1191 3320 imagine
1209 3259 1313 3306 mm

380 3350 506 3430 Saepius
527 3348 672 3412 abductos
694 3369 712 3413 a
733 3348 874 3412 sensibus
895 3349 1099 3428 imprudentes

378 3459 495 3534 Ausere,
518 3458 598 3522 mille
619 3459 690 3522 licet
710 3459 783 3522 dent
803 3457 917 3522 cneum
938 3475 1050 3526 cernua
1069 3457 1218 3522 bombos:
1297 3523 1302 3536 ,

381 3571 465 3644 Quae
488 3576 516 3632 te
538 3585 644 3632 mussa
665 3577 773 3642 movet,
795 3587 858 3632 nun
879 3568 1088 3649 suppeditante
1109 3569 1247 3634 minium

381 3676 503 3742 sensu?
550 3679 593 3740 Te
614 3677 665 3740 lux
686 3678 762 3742 alma
783 3687 892 3752 menet,
915 3696 992 3758 quae
1011 3687 1111 3742 manet
1130 3679 1168 3742 ab
1190 3678 1250 3745 alte

332 3803 363 3856 15
382 3789 495 3870 Sponte
517 3805 571 3850 sua
593 3795 644 3850 aut
663 3788 790 3851 ducente
810 3789 884 3862 Dee,
906 3788 957 3869 qui
979 3788 1071 3852 dunat
1090 3788 1202 3852 habete

382 3897 564 3976 Terrigeuis.
607 3895 674 3958 Non
695 3896 794 3979 ampla
815 3897 921 3976 magis,
944 3916 1033 3978 quam
1054 3898 1149 3962 torma
1170 3899 1323 3964 uolucrem

381 4007 509 4070 iiuutae
532 4005 563 4068 in
584 4024 714 4086 parvam,
737 4025 825 4087 qnam
845 4007 913 4086 plus
931 4007 1017 4088 juvat
1036 4007 1127 4072 edere
1148 4007 1186 4070 ab
1209 4027 1262 4072 ure

383 4117 502 4190 Cautus,
525 4117 629 4178 nescia
651 4135 737 4196 quae,
760 4117 878 4198 speeies
899 4117 998 4181 anime
1020 4116 1106 4181 obuia
1127 4119 1225 4194 venit;

383 4227 467 4302 Quae
488 4225 561 4289 mihi
583 4226 629 4288 sic
650 4225 730 4290 intus
751 4235 881 4290 mentem
901 4228 1082 4308 perstrinxit,
1106 4238 1138 4291 ut
1158 4237 1250 4304 eada,

331 4355 366 4410 ae
383 4337 467 4412 Quae
488 4355 538 4400 res
561 4344 706 4416 apparent
726 4335 815 4418 hspus
837 4337 1001 4419 penetralia
1022 4338 1107 4414 inire,

726 4535 881 4546 un...—
