3144 5164
601 403 735 454 inurunt
754 405 812 454 nn
1214 409 1272 472 341

147 637 192 688 115
208 623 271 683 llos
295 624 392 682 luernt
414 621 564 700 quendem
587 621 693 700 gladiis
716 621 827 684 leuare
850 624 999 698 cruentis3

207 731 309 794 Nostri
332 731 410 793 helle
433 739 539 810 gerunt
561 729 707 810 replendo
729 731 892 794 hincinde
914 732 1010 794 dolosi

207 841 328 912 Peneus,
352 859 441 919 quern
464 839 538 902 nulli
560 839 656 920 patris
678 840 727 920 pia
751 841 870 904 dextero
892 841 1010 904 claudit.

248 948 423 1030 Attu‚1qui
446 948 553 1010 scribis
576 957 689 1012 tantum
712 951 812 1012 delere
834 963 967 1032 perotus,

96 968 100 1155 l
206 1061 239 1124 ld
264 1069 362 1122 tecum
384 1067 507 1138 repnte,
530 1059 580 1137 qui
602 1059 764 1140 profudere
788 1076 925 1122 cruorem

97 1162 100 1173 '
146 1175 191 1226 lto
208 1171 271 1232 lloc
294 1189 349 1250 pro
372 1169 480 1238 vineto.
505 1168 584 1248 qnod
607 1177 638 1230 tu
660 1177 776 1232 vesteno
797 1169 927 1242 laboras,

207 1281 244 1342 Et
266 1280 386 1340 Petrum
410 1287 440 1340 et
461 1277 585 1340 Paulum
609 1297 728 1358 quoqne
750 1297 831 1342 nunc
852 1281 1032 1360 protendere
1055 1281 1153 1356 vitent,

208 1389 350 1464 Quamvis
372 1389 431 1448 hcc
446 1388 551 1450 dicas:
574 1387 646 1450 llihi
664 1388 727 1470 iam
750 1397 808 1452 stat
830 1397 911 1452 certe
936 1391 1080 1464 voluutas,
1188 1442 1192 1452 ,

205 1499 292 1562 lllurn
315 1498 433 1570 sectori,
456 1497 504 1560 cui
525 1497 623 1560 risum
645 1507 692 1560 est
712 1497 810 1560 rivere
833 1498 901 1572 soli,

207 1609 245 1672 Et
267 1608 352 1688 cuius
374 1607 462 1670 solvit
483 1615 573 1688 copul
593 1627 610 1668 a
632 1607 749 1669 cervice
771 1608 920 1670 revulsum

146 1727 191 1780 uo
207 1720 266 1781 Pro
290 1717 367 1780 saltu
389 1717 517 1797 pretium
540 1716 612 1812 inssi
635 1717 714 1780 inter
735 1716 857 1780 vulnera
880 1719 1038 1792 Cinistuut,

96 1904 101 2009 Ι
207 1829 269 1891 Nec
291 1827 466 1900 Piscatoris,
488 1845 587 1906 neque
609 1825 692 1890 Pauli
715 1825 836 1892 numina
857 1828 937 1890 novi.

97 2012 101 2265 Ι
696 2095 782 2177 ΧΙΧ.

98 2268 101 2444 p
249 2281 324 2340 Ante
347 2273 452 2336 oculos
474 2275 578 2338 ederet
597 2275 701 2354 pensis
723 2273 923 2353 pulcherrimo
946 2276 1043 2356 imago

207 2387 279 2460 dlis,
302 2384 472 2448 exhilarans
493 2384 574 2464 pleni
596 2385 632 2448 in¹
650 2383 808 2448 dulcedine
830 2385 918 2462 gaudi

208 2497 370 2559 Consertae
391 2495 517 2569 enimes,
541 2511 667 2574 qnorum
688 2493 762 2556 milri
784 2493 899 2571 singula
923 2513 1032 2574 porrus

208 2607 277 2668 Visa
299 2623 431 2686 pyropus
454 2612 526 2678 eret,
549 2603 594 2666 sic
614 2604 772 2666 flammans
793 2603 868 2677 solis
890 2603 927 2666 eb
950 2603 1028 2680 igne,

176 2715 246 2778 tUt
267 2714 341 2776 milri
363 2714 395 2776 in
417 2714 560 2776 adversos
581 2713 685 2776 oculos
707 2711 884 2792 refringeret
904 2713 999 2776 illuni.

208 2825 243 2888 Et
267 2823 347 2906 quod
370 2842 437 2886 mox
458 2841 535 2904 opus
557 2832 604 2885 est
624 2823 697 2886 mihi
720 2822 853 2903 pingere,
876 2823 955 2886 nulls
979 2825 1091 2886 referre

207 2935 363 2997 Vereuso
386 2941 434 2996 est
454 2951 594 3012 unquam,
618 2932 698 2994 ncilla
721 2952 851 3013 unquam
874 2933 1007 2996 scribere
1029 2933 1140 3008 dextre,

207 3045 269 3108 Nec
290 3043 389 3124 potuit
410 3042 504 3104 uirtus
525 3042 742 3122 comprendere
763 3043 891 3106 llaedals
913 3043 1033 3106 mentis.

250 3152 398 3234 Conspexi
421 3150 580 3232 audirique
600 3151 690 3216 simul
712 3161 842 3214 rostrum
865 3153 954 3214 edere
976 3152 1065 3216 verbs

162 3265 249 3332 lude
270 3281 414 3326 resonare
436 3261 534 3326 Meum
554 3261 653 3334 simul,
675 3269 706 3324 et
727 3261 774 3326 lle
795 3269 912 3340 gutture
935 3261 1035 3334 lentis,

209 3375 272 3438 Nos
295 3373 356 3448 ubi,
377 3371 423 3434 rel
446 3371 594 3436 Nostrum
614 3390 683 3434 rere
705 3371 854 3434 sententis
876 3371 986 3450 poscit.

207 3485 246 3546 Et
266 3483 382 3564 coepit:
407 3482 495 3556 Quod
516 3480 576 3544 vite
597 3482 647 3562 pie
669 3489 812 3562 casteque
833 3490 953 3560 percote

207 3595 262 3656 Est
282 3592 367 3667 mihi,
390 3611 470 3656 nnnc
491 3591 583 3654 isthic
604 3591 796 3672 splendorem
819 3591 908 3652 tollor
929 3591 965 3652 ud
988 3590 1088 3662 istun,

209 3703 267 3778 Qui
290 3701 441 3765 desiderio
462 3701 543 3764 haud
563 3701 676 3781 patitur
696 3719 729 3764 so
750 3700 865 3764 vincior
885 3701 963 3774 ullo;

162 3819 192 3872 tt
207 3813 241 3875 ln
264 3813 352 3874 terris
374 3827 409 3873 nc
432 3819 512 3874 truta
534 3811 593 3874 mei
614 3819 805 3874 monumenta
828 3811 946 3891 reliqui,

209 3923 245 3986 Ut
266 3931 370 4002 gentes
392 3921 468 3984 adeo
490 3939 599 4001 pravae
621 3939 688 3986 mes
710 3921 831 3984 nomine
852 3921 975 3984 landent

206 4033 243 4095 Et
264 4041 364 4096 nmen
387 4030 554 4110 exemplum
576 4031 699 4110 luginrt.
741 4031 793 4096 Sic
814 4031 952 4110 pluribus
974 4049 1052 4094 unsis

207 4141 343 4206 Sentitur
364 4141 447 4204 celer
468 4159 504 4202 ex
525 4141 641 4220 prunis,
660 4141 753 4206 veluti
773 4160 850 4204 unus
872 4159 1006 4204 ainornm

206 4251 365 4314 Multorum
388 4269 481 4314 sonus
503 4249 603 4328 effigie
623 4249 763 4315 veniebat
783 4251 820 4314 ab
843 4251 911 4313 ists.

94 4356 97 4431 ‚l
158 4379 191 4432 eo
251 4361 351 4436 Quare
372 4379 428 4440 ego
451 4369 538 4426 tunc:
561 4359 586 4424 0
609 4369 764 4426 scurnum
785 4359 936 4424 cernentis
959 4358 989 4420 in
1012 4375 1115 4420 accunt

94 4436 106 4562 l
