3144 5164
602 411 737 462 PletDtSl
755 412 800 461 XV.

133 645 182 697 llo
198 629 431 694 Bel-lecchium
453 637 483 690 et
504 627 625 690 Nerium
648 639 807 692 contentos
829 629 966 710 simplice
987 630 1066 710 pelle

197 740 276 814 vidi,
299 747 330 801 et
349 747 503 800 matronas
525 739 625 800 lusum
645 758 833 822 pensumque
857 740 1019 803 trahentes.

199 845 430 912 Olortunatas!
454 847 571 910 Tumuli
595 865 700 910 secura
722 848 840 929 paterni

198 959 322 1038 Singula
345 965 417 1020 erat.
461 957 594 1018 Necdum
615 957 675 1020 ulla
697 958 785 1019 thoro
808 957 925 1020 deserta
943 958 1065 1039 jacebat

199 1067 350 1130 Gallorum
373 1067 411 1128 ob
434 1066 561 1146 gladios.
604 1067 696 1130 Pueri
719 1066 864 1130 cunabula
885 1075 1011 1147 propter

133 1187 181 1242 115
197 1177 298 1240 Altera
319 1176 446 1250 sidebat,
469 1176 568 1238 verbis
590 1176 686 1238 solata
709 1177 849 1257 quietem,

199 1287 282 1362 Quae
304 1287 454 1367 quondam
477 1296 595 1366 patrum
617 1285 748 1365 linguam
769 1295 956 1368 matmrmque
976 1287 1127 1369 juvabant.

198 1390 294 1478 Atque
318 1396 385 1457 colo
407 1395 527 1458 mollem
551 1397 703 1459 deducens
724 1395 816 1458 altera
839 1397 960 1471 crinem,

196 1507 332 1569 Pellebat
353 1524 501 1580 somnum,
522 1505 609 1569 turba
632 1524 726 1586 prope
748 1515 845 1568 stante
868 1525 999 1580 suorum,

197 1617 304 1679 iliacas
325 1633 496 1678 memorans
517 1617 699 1696 Fesulasque
721 1615 885 1696 urbemque
908 1616 1037 1690 Quirini.

133 1734 181 1786 luo
198 1727 274 1788 Tum
293 1725 460 1804 'Cinguelln
482 1726 583 1807 Lepus
606 1725 785 1803 cognomine
807 1725 981 1790 Saltsrellus

197 1835 307 1897 Nostro
330 1835 374 1897 illi
396 1834 509 1916 populo
531 1805 703 1916 portentum
726 1836 783 1897 tale
806 1833 944 1911 luissent,

200 1945 294 2020 Quale
315 1945 394 2008 foret
414 1957 514 2008 restro
536 1943 684 2019 Cornelia,
707 1945 911 2008 Cincinnatus.

240 2055 295 2118 llis
317 2055 358 2117 ita
382 2054 561 2135 tranquillis,
583 2055 624 2116 ita
646 2053 780 2135 pulchris
801 2053 937 2116 moribus
958 2055 1053 2130 urbis,

198 2167 272 2229 'lam
293 2165 354 2228 iido
376 2166 498 2246 populo,
522 2163 655 2244 hospitio
677 2173 737 2225 tam
759 2163 838 2226 dulci
861 2172 892 2226 et
912 2164 1009 2231 amico

132 2287 182 2341 115
197 2277 244 2338 lle
267 2275 347 2337 dono
370 2275 501 2348 dederat,
524 2273 669 2354 genitrice
690 2281 825 2347 vocante,
846 2273 949 2349 llario,

83 2361 87 2468 1
197 2386 236 2449 El
256 2385 349 2448 reteri
372 2403 408 2447 cx
429 2392 528 2446 aestro
551 2391 669 2446 sacrato
691 2381 773 2446 tonte
794 2393 917 2448 renatus

201 2497 397 2559 Csccrscoros
419 2495 472 2569 lui,
493 2495 585 2557 fratrc
608 2502 639 2556 el
659 2503 799 2556 consorte
820 2495 957 2558 Moronto

196 2607 293 2686 Atque
314 2604 445 2668 Elisaeo.
488 2605 636 2684 Prognata
658 2604 688 2664 in
711 2602 843 2665 fluminis
866 2622 918 2666 ora

197 2714 320 2778 Eridani
343 2715 450 2796 conjux
470 2714 554 2777 venit
574 2713 659 2776 mihi.
701 2713 818 2775 Nomen
840 2711 877 2774 ab
899 2713 950 2775 illa

131 2835 181 2889 leo
196 2824 293 2888 Filius
315 2824 343 2886 is
365 2825 457 2898 duxit
481 2823 567 2905 eujus
590 2832 621 2886 lu
643 2822 764 2886 nomine
786 2823 907 2900 gaudes.

197 2935 423 3016 induperatoris
445 2933 515 2996 dein
537 2952 603 2996 snm
624 2933 730 2996 vexilla
752 2942 873 2996 secutus

199 3045 338 3118 Conradi,
362 3063 435 3106 ense
456 3042 534 3106 latus
557 3041 608 3123 qui
630 3043 670 3104 nri
692 3042 868 3124 praecinxit,
890 3043 1006 3106 honore

197 3158 341 3235 [lignatus
363 3162 446 3217 tanto
468 3165 593 3234 propter
613 3153 768 3214 benefacta
790 3160 965 3214 merentem.

198 3267 307 3330 Contra
326 3263 494 3345 nequitiam
517 3279 583 3324 sum
605 3261 688 3323 illum
711 3261 869 3324 comitatus
891 3272 1011 3324 euntem

132 3384 180 3440 155
196 3375 296 3453 Legis,
319 3393 376 3454 qua
398 3373 529 3455 populus
551 3372 685 3436 tellurem
708 3380 834 3452 usurpat
856 3380 886 3434 et
906 3371 1021 3444 urbem,

196 3485 331 3548 Pastoris
354 3483 449 3564 culpa,
474 3489 548 3562 quas
569 3480 655 3544 robis
674 3482 742 3562 J'ura
765 3481 920 3544 dederunt.

196 3599 292 3674 Atque
314 3593 355 3656 ita
376 3593 418 3655 mi
439 3600 557 3671 gentem
579 3591 637 3653 luit
657 3591 798 3654 extricata
819 3609 874 3672 per
894 3589 987 3653 illem.

140 3723 144 3731 ·
196 3705 277 3768 llaec
299 3704 396 3766 anima
419 3721 454 3766 ex
474 3701 586 3765 mundo
608 3700 760 3782 praesenti
782 3701 897 3774 tallere,
919 3700 1006 3782 eujus
1117 3749 1119 3754 .

195 3813 365 3878 insidiosus
388 3831 472 3875 amor
492 3811 652 3874 multorum
674 3819 797 3892 pectora
819 3810 928 3884 turbat,

134 3931 182 3983 141
196 3927 294 4005 ltaque
317 3943 353 3988 ex
373 3921 516 4004 martyrio
539 3922 576 3985 ad
597 3939 703 4003 pacem
726 3919 782 3983 snit
803 3920 899 3984 exitus
919 3921 1044 3984 hancce.
