3144 5164
1204 274 1208 286 a

220 373 227 380 ι
645 379 906 390 —-—---—..-—-01
912 383 1186 392 ——-.--—-...-....

1250 433 1264 452 1

105 527 352 544 ,ἐμ-ω,
363 526 463 534 --ι-ι-

92 546 95 559 Ι

154 664 186 719 m
201 653 297 735 llupla
319 653 398 715 oculi
421 661 519 714 utatur
539 651 651 726 virtus3
673 671 709 714 ex
731 651 821 714 corde
843 651 978 716 novellae

93 832 95 847 Ι
201 764 292 846 Lucis
313 781 371 826 vox
392 763 481 836 venit,
506 780 580 842 quae
602 779 650 824 me
671 769 786 841 partem
808 761 869 839 egit
889 761 920 824 iu
942 760 1031 836 illam,

93 857 96 1003 p
202 873 287 937 Unde
309 881 381 945 erat,
404 872 499 934 instar
518 889 591 932 acus
613 869 728 932 stellam
751 870 934 948 spectantis;
956 879 986 933 et
1006 871 1086 934 inlita

94 1006 97 1081 p
202 983 257 1046 Ille
278 1001 371 1056 amor,
395 982 474 1044 unde
495 979 569 1042 mibi
591 979 682 1042 decus
704 989 759 1052 est,
781 997 830 1042 me
852 979 952 1042 dicero
974 981 1051 1044 lacta

94 1126 96 1188 ;
202 1093 332 1155 Alterius
355 1090 439 1153 ducis
460 1089 606 1163 bortatur,
628 1107 716 1169 quem
737 1095 863 1168 propter
883 1089 1010 1154 eundem

94 1205 97 1254 1
155 1201 369 1269 collactanea
391 1207 439 1262 est
460 1200 490 1261 in
513 1198 598 1261 laude
620 1216 714 1260 meus.
757 1197 817 1260 Res
839 1197 927 1276 digna
947 1197 1075 1273 videtur,

203 1312 250 1385 Ut,
273 1329 363 1391 mam
385 1327 461 1372 uuus
483 1309 579 1371 tenuit
599 1307 722 1379 sedem,
735 1307 812 1370 banc
833 1307 922 1370 simul
943 1317 1069 1389 occupet
1089 1309 1178 1386 alter;

203 1421 302 1500 thue
323 1419 355 1482 bi
376 1417 497 1482 militiae
518 1417 631 1497 pariter
653 1417 772 1480 subiere
794 1416 923 1490 labores,

206 1531 258 1594 Sic
279 1531 328 1592 bia
350 1527 504 1609 aequalem
526 1525 717 1607 splendorem
738 1526 829 1604 gloria
854 1527 965 1590 lundat.

206 1641 304 1714 Quam
324 1639 398 1702 lauti
420 1639 517 1700 luerat
539 1636 657 1700 Christo
679 1653 798 1698 rursum
820 1636 967 1700 instrucre
989 1639 1088 1712 armis,

157 1758 188 1812 ³5
205 1751 297 1812 Lecta
318 1748 400 1810 acies
421 1725 543 1824 gressus
565 1754 636 1825 post
658 1745 775 1821 signum
797 1745 879 1808 tarda
900 1746 1045 1820 movebat,

94 1802 98 1921 1
205 1859 341 1939 Raraque
364 1867 394 1919 et
415 1855 603 1918 addubitans.
649 1855 723 1917 Cum
744 1854 815 1929 Rex,
838 1855 888 1934 qui
911 1865 1030 1936 tempus
1052 1857 1082 1920 in
1105 1875 1194 1922 omno

206 1969 329 2048 Regnat,
351 1966 474 2029 militiae
495 1964 630 2044 trepidae
653 1964 802 2044 similique
823 1963 935 2028 labanti

207 2077 383 2142 Consultum
403 2075 504 2149 voluit,
526 2093 586 2136 non
610 2075 689 2154 quod
712 2073 874 2154 quidquam
895 2074 961 2152 ipsa
980 2083 1117 2150 mereret,

208 2187 267 2250 Sed
287 2187 377 2264 gratis
400 2194 529 2259 tantum,
550 2192 648 2263 atque,
672 2193 704 2246 ut
724 2183 813 2262 paulo
836 2182 963 2245 diximus
984 2167 1062 2259 ante,

98 2292 101 2361 l
159 2307 192 2361 4⁰
207 2298 321 2360 Heroas
343 2297 478 2374 geminos
495 2294 587 2376 jussit
608 2311 784 2356 succurrere
805 2310 946 2373 sponsae,

98 2388 101 2486 1
208 2407 343 2480 Quonim
364 2413 439 2478 aeta,
461 2419 607 2466 seroces
628 2402 772 2484 populum
794 2402 862 2465 sine
883 2420 967 2466 moro
989 2412 1124 2482 rugatum

98 2501 102 2652 l
206 2519 349 2579 Veracem
370 2515 499 2577 docuere
519 2514 607 2587 mam,
628 2521 718 2593 atque
739 2513 770 2574 in
793 2511 868 2574 calle
889 2520 999 2574 stetere

207 2628 310 2689 Recto.
355 2625 420 2698 Qua
440 2633 572 2687 reserata
590 2623 672 2686 venit
693 2622 801 2702 placidi
824 2641 895 2685 aura
915 2622 1027 2686 Fauoni

208 2736 320 2800 blanda
341 2735 457 2817 aperire
478 2753 571 2796 noras
593 2733 725 2805 frondes,
744 2731 893 2811 viridique
916 2731 1017 2794 colore

93 1285 96 1379 l

93 1395 97 1535 l

94 1667 97 1703 ι

95 1724 97 1773 Ι

100 2915 103 2953 ⁸
161 2857 193 2912 45
208 2847 336 2909 Induere
356 2845 507 2926 Europam
527 2861 656 2916 rursum,
677 2841 757 2904 baud
778 2841 885 2922 p'rocul
906 2840 1046 2920 aequoris
1066 2841 1161 2908 undas

100 2960 103 3061 ᾗ
209 2957 368 3019 Pulsautes
390 2954 482 3028 littus,
505 2962 575 3036 post
596 2971 670 3032 quas
692 2952 748 3026 sol,
770 2950 889 3028 lougius
911 2952 956 3015 ire

100 3064 103 3197 Ι
209 3069 326 3140 Jussus,
348 3083 439 3145 saepe
460 3063 575 3126 bomini
598 3062 690 3124 cuivis
712 3081 766 3123 sua
788 3061 900 3124 lumina
922 3061 1007 3134 celat,

209 3177 369 3238 Fortunata
391 3175 476 3236 sedet
497 3172 652 3252 caligaris,
676 3179 736 3234 tuta
757 3170 814 3234 sub
836 3171 935 3251 amplo

211 3287 311 3359 Scuto,
334 3283 385 3348 ubi
407 3281 574 3346 succumbit
594 3282 771 3359 simulatque
792 3279 881 3342 simul
903 3279 964 3342 Leo
986 3281 1087 3344 eiecit.

163 3403 195 3457 55
212 3395 302 3458 Ortus
324 3393 366 3456 ibi
389 3401 444 3466 est,
465 3411 553 3456 verae
576 3391 627 3470 qui
648 3389 814 3469 relligionis
836 3398 950 3452 amator

210 3503 338 3579 Exstitit,
360 3503 566 3582 humanusque
590 3501 662 3574 suis,
685 3509 772 3579 atque
793 3499 929 3562 hostibus
952 3519 1049 3580 asper,

210 3616 351 3677 Luctator
371 3621 502 3681 sanctus,
525 3611 573 3674 cui
593 3629 689 3685 mens,
709 3609 760 3672 vix
781 3609 869 3681 edita,
890 3609 978 3688 plena

211 3725 262 3788 Sic
282 3724 389 3786 virtute
410 3722 468 3784 luit
487 3722 563 3795 viva,
584 3729 617 3783 ut
638 3719 790 3800 genitricis
811 3719 842 3782 in
865 3717 930 3784 alvo

209 3833 329 3897 Fecerit
348 3833 426 3896 lianc
444 3840 551 3894 vatem.
593 3830 756 3910 Postquam
778 3827 931 3908 sponsalia
952 3830 1030 3893 sacri

162 3953 194 4008 55
210 3944 339 4024 Propter
359 3943 451 4005 tonus
472 3959 566 4022 aquas
586 3938 668 4002 hunc
689 3939 878 4019 coniunxere,
902 3939 1059 4020 fidemque,

209 4055 310 4116 blutua
331 4052 384 4115 ubi
405 4051 528 4116 alteruis
550 4069 583 4113 se
605 4050 744 4112 dotarere
765 4047 879 4125 salute3

180 4245 185 4256 ⁵
209 4164 342 4236 Femina,
365 4181 442 4243 quae
463 4163 561 4224 luerat
580 4177 636 4242 pro
658 4160 716 4222 isto
739 4159 889 4239 spondere
910 4168 1021 4240 parata,

209 4275 243 4338 ln
267 4273 381 4336 somnis
401 4271 475 4334 vidit
496 4269 614 4349 signum
634 4268 769 4332 mirabile
791 4270 905 4331 lrucms

209 4385 282 4448 lndc
303 4381 464 4461 egressuri,
485 4379 624 4460 verisque
644 4379 825 4442 haeredibus
847 4397 953 4458 aeque.
