3170 5172
352 331 393 396 52
563 315 564 320 ’
786 335 978 386 tnrnnnonntt
997 336 1052 386 xiv.

419 553 461 614 De
484 555 594 616 Sancto
616 553 747 625 Anares,
771 553 842 632 quid
866 561 894 615 tc
916 554 1070 633 quaesisse
1092 555 1218 617 salntem

354 671 401 726 135
417 662 498 726 tuvit
519 681 566 724 me
588 660 752 744 opposito?
775 663 842 724 Tibi
866 663 892 723 si
915 663 1087 742 turpissima
1110 665 1169 726 rita

418 774 490 834 dcta
512 772 583 845 tuit,
607 773 756 851 quodnam
778 781 893 834 tantum
914 773 988 834 mihi
1010 773 1123 835 crimen
1145 773 1176 834 in
1198 773 1248 836 illa
1270 772 1338 837 cst?

416 957 418 968 Ι
460 883 561 962 lpsnm
584 880 634 942 abi
656 889 834 961 praeceptor
855 901 946 962 snper
968 882 1097 956 adstitit,
1120 901 1172 944 cra
1194 883 1331 945 resolvit:

420 991 479 1066 Qui
500 989 609 1063 tueris,
632 1009 780 1064 memora,
804 1010 821 1050 ο
845 991 895 1070 qni
918 1000 962 1054 tet
983 1010 1038 1070 per
1058 992 1179 1054 vulnera
1200 995 1290 1056 fissus

419 1101 560 1181 Exspiras
582 1099 706 1178 lugubre
727 1118 848 1178 gemens
871 1119 938 1162 cum
960 1101 1105 1178 sangnine
1127 1120 1257 1166 carmen.

355 1218 402 1270 lto
418 1211 472 1272 ille
494 1219 610 1272 autem:
635 1209 659 1270 0
682 1209 814 1281 animae,
838 1229 913 1289 quae
936 1209 1009 1272 istas
1030 1211 1155 1274 venistis
1177 1212 1208 1272 in
1231 1231 1309 1284 cras,

419 1319 542 1382 Visurae
563 1325 683 1380 nostras
706 1329 766 1380 tam
788 1318 955 1380 inhonestis
978 1321 1109 1400 undique
1131 1339 1252 1401 sparsas

420 1427 551 1490 Excidiis
573 1427 711 1498 frondes,
734 1447 787 1488 vos
809 1428 875 1490 illas
898 1429 995 1508 cogite
1018 1429 1049 1492 in
1070 1449 1163 1492 nnnm

420 1537 550 1617 cespitis
573 1545 640 1598 ante
662 1537 755 1617 pedes
776 1537 881 1598 tristis.
924 1539 1091 1616 Prognatus
1114 1539 1217 1600 inilia

419 1647 498 1710 Urbe
521 1647 577 1722 fui,
601 1647 722 1709 dominc
745 1665 820 1726 qnae
843 1649 998 1710 suffecisse
1020 1649 1115 1728 priori

356 1766 403 1820 lta
419 1755 584 1837 Baptistam
603 1758 709 1818 fertur.
755 1757 854 1828 Quare
877 1756 973 1836 ipsam
995 1766 1111 1838 tempus
1134 1757 1165 1820 in
1187 1775 1274 1820 omae

420 1865 540 1928 Efficiet
560 1865 675 1928 tristem
697 1874 761 1928 arte
783 1884 850 1939 sua,
874 1875 904 1927 et
925 1866 984 1928 nisi
1006 1867 1091 1946 signa
1113 1876 1266 1930 manerent

420 1974 505 2037 Nunc
526 1975 625 2056 aliqua
647 1995 683 2038 ex
704 1975 754 2038 illc
777 1975 899 2054 glaucus
922 1995 980 2055 qua
1000 1977 1122 2056 profluit
1143 1975 1250 2050 draus,

423 2084 481 2158 Qui
503 2103 596 2165 supra·
616 2085 733 2150 cineres
755 2084 842 2159 olim,
866 2103 941 2164 quos
962 2086 1052 2147 Attila
1073 2085 1169 2166 liquit,

421 2193 504 2256 Hanc
526 2201 659 2256 struxere
681 2195 802 2266 iterum,
825 2195 970 2257 vidissent
991 2195 1035 2257 ire
1056 2196 1174 2258 labores

358 2315 405 2369 lad
421 2303 584 2366 incassum.
628 2303 696 2384 ipse
718 2303 794 2369 meis
816 2323 870 2383 pro
894 2305 975 2368 turca
997 2323 1064 2367 sum
1086 2305 1210 2368 aedibus
1230 2324 1314 2368 neus.

911 2565 993 2646 xlv·

467 2742 564 2804 Patria
587 2760 634 2804 me
655 2749 812 2820 postquam
835 2741 930 2819 pietas
952 2743 1115 2816 distrinxit,
1139 2743 1171 2804 in
1193 2761 1283 2804 annm

423 2852 580 2932 dispersas
603 2851 677 2913 mihi
699 2869 768 2912 cura
791 2850 847 2912 tuit
868 2851 1047 2931 conjungere
1069 2852 1200 2924 frondes,

422 2961 558 3024 Reddere
580 2970 611 3024 et
631 2960 701 3022 huic
719 2960 783 3040 jam
804 2969 866 3022 tum
888 2961 992 3022 tracto.
1035 2962 1213 3024 Devenimns
1235 2962 1305 3024 inde

422 3073 467 3134 tid
489 3073 593 3148 finem,
617 3071 696 3142 unde
718 3068 800 3132 orbis
823 3070 967 3132 discindit
988 3081 1073 3152 septa
1095 3071 1227 3144 secundi,

389 3181 590 3249 aflorribilcs
609 3181 684 3261 insti
707 3181 757 3261 qni
780 3181 911 3243 ostendit
931 3181 1058 3242 vindicis
1080 3189 1160 3244 artes

424 3291 552 3354 Tertius.
595 3291 634 3352 tt
654 3309 729 3351 nora
752 3299 799 3352 sat
820 3290 908 3352 claris
929 3299 963 3353 ut
984 3292 1114 3370 pandere
1137 3289 1234 3352 verbis

424 3400 517 3481 Copia
538 3401 591 3473 sit,
615 3399 713 3461 dicam
735 3417 790 3460 ncs
812 3399 1005 3462 descendisse
1027 3407 1177 3479 patentem

423 3509 457 3571 ln
480 3527 632 3588 campum,
656 3508 705 3571 cui
727 3516 833 3569 cancta
855 3527 909 3570 suc
931 3509 1078 3588 plantaria
1100 3517 1193 3572 strato

424 3621 556 3681 Amcrct.
600 3619 686 3680 Hunc
708 3616 786 3680 tristi
807 3617 974 3697 praecingit
996 3618 1068 3681 silva
1091 3637 1212 3692 corona,

376 3742 408 3794 1⁰
425 3727 463 3790 Ut
483 3729 600 3792 funesta
621 3728 707 3808 paics
730 3727 844 3807 ipsam,
867 3745 980 3807 pesque
1002 3747 1079 3790 nnus
1102 3737 1131 3791 et
1151 3729 1225 3790 alter

425 3839 519 3915 Aegre
541 3836 639 3899 haesit
659 3837 810 3916 stringens
831 3856 946 3900 nemus.
991 3836 1082 3899 Arida
1102 3838 1260 3919 spissaque
1282 3856 1373 3902 arena

426 3946 556 4009 Stratum
578 3955 655 4020 erat,
678 3945 757 4008 haud
780 3946 868 4008 aliter
890 3963 978 4026 quam
1002 3965 1078 4026 qnae
1099 3947 1177 4026 pede
1199 3966 1304 4028 pressa
1325 3948 1462 4012 Carenis.

467 4055 561 4118 Ultrix
582 4056 626 4118 ira
648 4055 719 4129 lici,
742 4074 830 4135 qnam
851 4074 884 4119 es
905 4055 1093 4118 formidanda
1114 4056 1226 4136 legenti

426 4165 506 4230 Haec
528 4166 623 4227 oculis
645 4164 802 4228 manifesta
824 4165 915 4239 meis,
940 4183 1015 4245 qnae
1036 4174 1135 4230 mente
1157 4165 1271 4230 natavi!

378 4290 408 4344 la
426 4276 533 4340 Multos
553 4286 634 4339 stare
655 4291 761 4354 greges
783 4275 947 4340 animarum
970 4283 1051 4340 veste
1071 4275 1208 4378 videbam
