3224 5166
340 391 398 454 150
786 391 966 442 ruuccrouu
985 391 1021 440 u.

403 609 501 690 Usque
524 617 602 670 arbee
624 609 723 688 poscit
743 609 863 671 solertis
886 594 1023 670 acumine
1045 608 1166 680 mentio,

402 719 440 780 Et
461 719 572 780 iunium
596 726 626 779 et
646 727 765 780 rentum
788 717 919 793 ingenite
940 717 1047 777 virtute
1069 726 1194 795 repente
1223 763 1227 770 .

403 828 501 889 Movit.
524 860 566 894 ,-
587 827 642 888 Ubi
665 835 711 889 eet
733 827 877 890 exstincta
899 825 981 896 dies,
1005 825 1132 902 caligine
1153 824 1259 888 vollem

211 963 216 972 ·
338 939 426 999 12οΑ
448 937 534 998 Prato
557 935 662 1014 Magno
685 936 715 996 in
738 934 1003 998 coeium.eublimc
1026 935 1166 996 minantia

402 1047 509 1108 Montis
532 1046 569 1107 ad
593 1063 687 1124 usque
706 1045 812 1125 jugum
832 1045 911 1105 texit.
956 1044 1030 1106 Dein
1053 1043 1184 1124 desuper
1205 1047 1338 1107 aethram

402 1155 580 1226 Admonuit,
604 1155 761 1232 inetueque
784 1153 944 1233 inaquam
966 1153 1220 1216 dissolvitur-aer.

384 1259 387 1270 '
444 1263 642 1340 Praecipitant
662 1262 790 1336 imbres,
814 1271 843 1324 et
865 1281 941 1342 quos
959 1261 1020 1342 jam
1042 1270 1121 1324 terra
1142 1263 1285 1344 nequibat

402 1373 561 1452 Accipere,
584 1373 615 1433 in
638 1373 736 1434 insons
758 1372 825 1434 tadit
846 1373 988 1452 impetun,
1011 1379 1102 1451 utque
1124 1372 1244 1434 fluentis

338 1493 386 1544 lea
403 1482 468 1542 bias
490 1479 569 1542 colet
589 1497 658 1542 ecee
680 1480 804 1559 amplis,
825 1481 921 1544 undae
943 1489 1058 1543 merere
1080 1481 1196 1544 minem

404 1591 477 1652 Tam
499 1589 602 1668 rapide
625 1590 655 1652 in
677 1591 788 1652 flumen
810 1591 924 1668 regale,
948 1599 980 1652 ut
1003 1589 1082 1652 nuiia
1102 1590 1214 1680 voleret

403 1700 454 1760 Vis
476 1698 636 1778 prohibere
651 1699 777 1764 malum.
821 1699 886 1762 bien
906 1700 1016 1776 frigore
1037 1699 1170 1762 membre
1192 1699 1288 1764 solute

403 1809 541 1870 Indomiti
562 1807 700 1871 Archippi
721 1809 805 1872 iurcr
825 1809 921 1871 aufert
941 1809 1097 1886 improbus
1117 1808 1210 1888 inque

403 1919 514 1980 Arnum
536 1917 680 1998 conjecit,
703 1917 849 1996 solvitque
871 1937 888 1980 a
909 1926 1030 1997 pectore
1052 1935 1166 1990 nexam,

340 2043 388 2096 1³⁰
405 2028 501 2101 Quam
521 2027 626 2096 iecere¹
643 2043 763 2088 crucem
782 2026 856 2088 mibi
878 2026 1014 2100 brachia,
1038 2045 1106 2088 oum
1126 2026 1213 2090 dolor
1233 2029 1340 2106 ingene

404 2137 451 2198 bie
472 2136 541 2197 vicit
562 2135 721 2206 uomitum,
743 2143 773 2196 et
792 2153 847 2214 per
868 2135 948 2214 ripas
970 2135 1059 2198 volvit
1081 2145 1111 2198 et
1130 2137 1224 2200 imum

404 2246 464 2308 Per
485 2244 623 2318 iundumq
645 2243 752 2307 deinde
773 2245 839 2323 ipee
861 2262 915 2307 sua
938 2245 1067 2306 cinctum
1088 2253 1179 2326 atque
1198 2247 1361 2311 rerincbnn

405 2353 538 2416 Adroivit
559 2355 677 2434 praeda.
722 2353 879 2432 Opatrias
902 2371 971 2416 cum
990 2357 1201 2418 rursueadire

404 2465 461 2528 ras
483 2463 537 2525 tibi
558 2463 747 2534 coitiones,
769 2461 946 2542 dabiturque
969 2463 1124 2542 quiescere
1144 2465 1234 2544 longo

340 2576 429 2640 labb
450 2591 540 2636 cursu
562 2579 650 2651 atque
671 2571 773 2633 labore
794 2571 857 2636 viae
880 2556 937 2646 (cic
958 2572 1016 2634 iate
1038 2575 1200 2636 secundnm

405 2682 504 2744 Tertia
526 2689 597 2760 poet
617 2681 746 2744 animem
767 2685 842 2764 est),
865 2681 944 2744 bnud
967 2681 1146 2745 obliviscere
1165 2683 1279 2746 noetrit

405 2791 479 2853 Sum
499 2789 568 2862 Pri,
592 2791 763 2866 ine-genuit
784 2791 862 2852 Sena
884 2791 1072 2871 confecitque
1093 2791 1261 2866 biaremma,

405 2900 528 2978 Scitque
547 2899 623 2962 baec
641 2898 707 2970 itte,
729 2899 814 2977 prius
834 2900 907 2962 mibi
928 2901 980 2981 qui
1002 2901 1126 2964 donaret
1146 2901 1257 2964 babere

406 3007 576 3080 ducellum,
599 3008 772 3089 sociamque
791 3008 850 3071 tori
871 3027 1053 3090 uxoremque
1073 3020 1202 3074 noceret

907 3268 963 3352 ti.

447 3443 565 3507 Ludere
586 3443 638 3506 ubi
659 3445 726 3507 talio
747 3453 979 3519 consummem,
1001 3448 1093 3510 corde
1113 3449 1240 3512 dolenti.

406 3555 470 3618 Stet
490 3554 584 3615 rictus
606 3553 773 3632 repetitque
794 3555 889 3628 vicen,
912 3573 947 3620 oc
968 3556 1096 3638 denique
1117 3559 1214 3622 trietie

406 3663 510 3724 Discit.
555 3662 702 3724 Victorem
723 3664 858 3742 nequitur
878 3683 952 3743 gene
975 3674 1050 3740 tota,
1073 3668 1227 3748 preeitqne

407 3771 505 3842 Unus,
527 3789 655 3850 eumque
676 3771 751 3834 alter
771 3774 890 3852 prendit
910 3777 1258 3856 pectorepectore

374 3879 451 3944 abd
472 3879 550 3942 letam
571 3887 659 3960 etque
676 3881 764 3962 jubet
784 3884 965 3946 meminisse.
1009 3884 1094 3948 iiaud
1115 3887 1167 3948 iiio
1188 3888 1311 3950 remittit

409 3988 467 4063 ire,
491 3998 520 4051 at
540 4007 620 4050 nuuc
641 4007 729 4053 auree
751 3992 816 4065 inti,
838 4011 918 4056 nunc
938 3994 1075 4058 admovet
1095 3995 1147 4068 itii,

408 4099 520 4178 Cuique
542 4116 661 4162 manum
683 4101 794 4179 porgit,
817 4121 904 4164 mens
924 4104 1092 4184 importum
1113 4105 1227 4169 recede

407 4207 538 4270 luctandi
559 4207 701 4283 udteriue3
724 4219 854 4273 removet
876 4213 920 4276 eic
941 4213 1008 4293 ipae
1028 4223 1204 4296 sequentem

408 4316 546 4379 Turbam.
590 4316 766 4385 Non-secus
788 4320 847 4384 boc
867 4322 1006 4387 versabor
1027 4323 1059 4386 in
1079 4325 1197 4402 agmine
1217 4324 1307 4404 vulgi,
