3116 5162
566 454 760 511 munerun
778 458 819 512 tu.
1113 403 1311 542 Ἦ

142 689 174 744 ta
190 677 225 740 Et
246 676 326 755 nigri
349 675 386 738 ad
407 695 504 757 unque
526 677 623 740 amnis
644 679 742 759 ripam
763 695 816 740 cra
838 678 957 742 nitentia
976 679 1087 760 pressi.

189 788 286 868 Atque
308 803 380 848 ecce
402 785 525 867 antique
546 805 603 848 nos
626 796 728 850 contra
751 788 875 850 tendere
897 805 989 850 canus

191 895 279 958 Crine
301 896 398 958 Senex
420 903 523 958 rectus
545 896 662 976 cymba,
686 905 717 960 et
737 897 843 978 procul
864 897 1060 978 increpitare:

81 1006 84 1027 ¹
189 1005 248 1068 Vae
268 1004 372 1077 nobie,
395 1005 512 1067 animne
532 1023 652 1087 pravae.
695 1007 931 1088 sneundune,
954 1008 1070 1070 coelunt

188 1115 311 1177 visuras
333 1133 387 1175 roe
408 1133 479 1178 esee
497 1133 637 1196 unquam.
680 1115 726 1178 En
747 1116 889 1178 ductums
912 1117 949 1178 ad
972 1135 1055 1178 cram

141 1228 173 1282 8⁰
190 1224 369 1306 oppositam
390 1223 479 1286 venio
501 1231 589 1304 atque
612 1235 751 1288 aeternae
772 1225 871 1287 noctis
893 1225 929 1287 ad
952 1226 1083 1299 umbras,

188 1335 311 1397 destcrn
332 1333 413 1395 inter
433 1333 628 1414 glaciemque.
670 1335 709 1396 Et
731 1343 778 1407 tu,
802 1351 878 1415 quae
899 1335 1030 1398 vesceris
1051 1353 1132 1408 eura,

82 1454 86 1533 j
189 1443 214 1504 0
237 1443 353 1515 anima,
376 1443 506 1506 abecede
527 1443 598 1506 hinc
620 1451 708 1524 atque
730 1444 806 1506 ictos
827 1452 924 1507 morte
944 1453 1116 1527 peremptos

187 1553 310 1614 [iecere.
354 1553 392 1614 At
414 1561 447 1632 ut
463 1552 541 1614 vidit
561 1573 610 1615 me
631 1561 774 1627 stantem,
796 1553 906 1615 talibus
930 1555 1008 1617 infit:

189 1662 236 1724 Ire
258 1661 322 1724 riae
344 1661 434 1735 alias,
458 1662 534 1724 aliun
556 1663 611 1726 tibi
634 1679 778 1744 quaerere
800 1670 906 1743 poenis

83 1788 87 1905 A
141 1779 173 1832 ed
188 1771 244 1834 Est
264 1789 358 1851 opus,
380 1779 415 1833 ut
436 1771 532 1852 ripam
554 1779 674 1851 tangam
696 1773 767 1835 hinc
788 1773 832 1834 ire
854 1772 979 1836 facultas

84 1914 87 1947 ι
189 1881 275 1942 Nulla
296 1881 400 1956 detrun
424 1881 517 1943 terior
536 1881 626 1963 pinus
648 1889 678 1943 te
699 1891 797 1944 vectet
818 1891 946 1962 eportet

235 1990 289 2053 Cui
313 1991 369 2052 dux
393 2009 503 2071 pauca:
528 1991 664 2063 Cernen,
687 2009 725 2052 ne
748 1992 838 2054 saevi.
881 1993 955 2056 Nun
977 1991 1028 2054 iila
1049 2001 1183 2074 potestas

190 2101 260 2162 Vult
280 2101 342 2174 ita,
364 2119 413 2162 cur
436 2101 536 2163 facere
557 2111 618 2175 est,
643 2102 722 2182 qrrcd
743 2100 820 2174 vult,
844 2111 875 2163 et
894 2102 980 2182 plura
1001 2121 1107 2182 rogere

191 2210 311 2272 desine.
354 2209 489 2274 Lanesae
511 2210 630 2273 liventis
652 2210 750 2273 navita
775 2211 884 2289 stagni,
1007 2250 1011 2267 ,

144 2339 175 2390 ω
190 2319 315 2380 Talibus
337 2319 462 2394 auditis,
481 2321 574 2402 jueeit
594 2320 783 2401 requiescere
805 2320 908 2394 uidae,

191 2428 245 2492 Cui
267 2429 458 2492 circumfusis
480 2430 624 2493 ardebant
643 2429 755 2492 iumine
777 2431 915 2492 nammis.

190 2539 266 2602 Tum
287 2557 359 2602 vero
381 2539 449 2602 idae
472 2540 587 2602 animae
608 2538 707 2602 iassae
727 2539 884 2621 nudaeque
904 2539 1020 2602 colores

85 2616 88 2641 Ι
190 2649 341 2711 Mutavere
363 2667 451 2722 nuce,
464 2667 511 2712 ¹ac
532 2648 672 2712 dentibus
694 2650 883 2724 intremuere,

190 2757 273 2820 Haec
295 2757 421 2822 simulac
444 2759 551 2822 feriere
573 2777 659 2820 auree
682 2758 814 2821 crudelia
836 2758 925 2821 dicta.

144 2881 175 2935 td
189 2870 286 2948 Atque
309 2868 371 2930 Deo
394 2868 565 2950 pariterque
587 2869 651 2930 suis
672 2867 852 2931 maledicere
875 2877 905 2930 et
926 2869 1007 2932 omni

191 2977 329 3040 Humane
351 2978 470 3057 generi,
492 2986 669 3058 tempusque
690 2978 848 3058 iocumque
870 2997 1000 3060 suosque

189 3087 340 3149 detestari
362 3095 446 3149 crtus
467 3097 498 3150 et
518 3105 620 3150 semen
643 3087 784 3160 seminis,
807 3088 886 3151 unde

188 3198 269 3278 ipsu
290 3175 351 3258 ina
373 3197 438 3258 rure.
482 3197 596 3260 cernue
617 3215 722 3260 omnes
745 3196 861 3275 amine
880 3196 1002 3277 Juneue

190 3307 306 3369 Venere
328 3305 366 3368 ad
389 3306 642 3394 tristenmagnis
664 3306 825 3368 ululatibus
847 3323 940 3380 cmm,

131 3424 175 3477 ltu
190 3417 275 3491 Quae
298 3416 446 3479 scelerata
467 3423 582 3490 manet,
604 3415 777 3496 spernentia
798 3427 920 3496 pectora
941 3433 1062 3478 numen.

191 3527 246 3588 Hie
269 3525 358 3588 cento
378 3527 550 3589 damnante
572 3526 695 3589 Cniacn
716 3525 794 3605 nigri
816 3525 929 3587 arbiter
949 3525 1047 3588 amnis

191 3637 309 3709 innuit,
333 3643 421 3716 etque
443 3635 558 3699 animae
580 3653 702 3698 emmer
725 3635 806 3714 cogit
825 3635 858 3696 in
880 3653 988 3710 unum3
1125 3663 1127 3668 ·

190 3746 224 3808 Si
247 3763 306 3826 qna
328 3745 413 3808 stetit
434 3763 569 3814 cessans,
592 3744 670 3806 hanc
690 3745 765 3806 renni
786 3743 908 3806 verbere
929 3745 1038 3825 pulsat.

190 3854 233 3917 dc
255 3853 346 3916 vetuti
370 3855 494 3917 ircndee
516 3854 649 3916 autumni
671 3853 781 3933 frigere
803 3853 902 3935 primo

133 3977 175 4031 itt
189 3967 276 4030 Juxta
299 3963 373 4026 aliae
395 3963 473 4026 aliae
493 3964 614 4045 propria
637 3965 777 4044 gravitate
798 3965 934 4026 tenuntur

191 4075 357 4147 Demeae,
381 4073 478 4135 donec
499 4073 596 4135 telluri
617 4073 749 4136 reddidit
769 4093 874 4138 omues

192 4183 316 4247 Divitiae
338 4181 465 4264 spoliate
487 4183 592 4246 uber:
616 4184 661 4245 aie
682 4201 785 4254 semen
806 4184 902 4246 Anuru

193 4293 387 4368 Perrereum3
409 4313 445 4355 ex
465 4292 531 4374 ripa
552 4293 613 4356 ruit
632 4311 691 4355 una
714 4301 803 4374 atque
824 4295 931 4366 altera,
953 4301 1063 4354 etune

192 4402 267 4466 Post
288 4401 377 4464 aliam
398 4402 437 4465 ad
460 4409 578 4477 numni,
600 4411 633 4465 ut
653 4413 843 4466 revocantum
865 4404 902 4467 ad
923 4401 1009 4480 aigne
1031 4398 1178 4462 veheres.
1307 4445 1311 4608 ἱ
