3136 5164
306 373 368 436 302
774 378 907 430 renueret
926 379 963 428 tt.

275 469 346 477 -—-—-
365 467 514 476 .---‚-.—-
531 470 572 474 -..-
591 469 672 476 ..--..-
721 471 835 478 —-----
1205 471 1487 482 m·-

375 596 489 658 Incedit
511 597 639 678 quidam,
663 598 709 664 eui
725 597 794 677 jana
815 604 875 661 stat
895 605 956 660 rete
979 605 1114 676 paratum

375 706 477 785 ipsum
500 716 661 786 capturum.
705 707 804 774 Flebit
825 725 943 786 queque
963 707 1071 770 Feltria
1093 707 1228 786 iniquum

374 815 508 877 Pastoris
530 817 656 890 sasinus,
679 817 731 880 teli
754 835 830 896 quae
850 815 918 881 tane
939 815 1088 895 probnnse

375 925 449 997 Fiet,
473 935 505 988 ut
526 925 718 991 absimilem
738 945 773 990 se
793 945 972 1006 quemquam
993 925 1081 993 uate
1104 927 1219 1004 negarit

324 1051 358 1104 50
375 1033 465 1096 Antra
486 1055 540 1098 sua
561 1037 729 1115 ingressura
750 1035 873 1101 vidisse.
916 1035 977 1100 Sed
999 1036 1089 1101 unius
1107 1043 1200 1102 esset.

375 1145 479 1224 simpla
500 1145 591 1209 nimis
612 1164 752 1208 mensura
773 1146 848 1218 radi,
873 1152 1030 1224 exeeptura
1054 1160 1202 1215 eruerem,

376 1253 473 1327 Quem
495 1255 555 1316 scis
577 1256 722 1319 effudisse
743 1265 820 1326 tuns,
840 1254 991 1326 Ferrarius
1007 1273 1114 1328 renas3

374 1363 412 1426 Et
432 1363 601 1436 lassaretur,
625 1365 651 1426 si
674 1365 723 1427 eui
743 1366 822 1430 terte
842 1364 931 1429 uncta
950 1363 1039 1429 lance

375 1473 496 1552 Singula
519 1472 703 1538 collibranda
726 1474 811 1547 soret,
835 1489 924 1554 quern
942 1473 1099 1553 presbyter
1118 1472 1171 1540 ille
1257 1503 1261 1531 a

324 1596 358 1650 55
375 1582 489 1661 Largus
511 1582 642 1656 donabit,
665 1583 763 1646 sardia
784 1591 817 1648 ut
836 1603 893 1649 sue
914 1583 1090 1664 eomprehet
1106 1583 1154 1646 illi

374 1691 471 1767 Parti3
494 1699 581 1773 atque
603 1691 691 1754 istius
710 1692 809 1769 gentis
830 1693 907 1756 hene
929 1710 1061 1772 eurtum&
1076 1694 1158 1759 uitae
1218 1728 1223 1755 ι
1262 1734 1265 1743 ·
1290 1736 1294 1747 ·

375 1801 458 1874 Talia
480 1803 557 1864 dena
580 1802 687 1866 iurent.
731 1801 814 1865 Coeli
833 1801 1014 1866 sublimibus
1035 1803 1155 1866 adstent

374 1911 409 1973 ln
432 1910 551 1991 templis
574 1911 705 1993 specula,
728 1913 786 1976 ista
808 1913 933 1976 mans
956 1929 1031 1992 gens
1049 1915 1293 1988 vestrareearit,

374 2019 489 2083 ludieis
511 2019 588 2082 alma
609 2021 663 2083 Dei
684 2021 734 2086 lux
754 2022 843 2084 uobis
865 2024 943 2089 uude
965 2021 1091 2101 refulget

324 2142 359 2196 tt
376 2131 436 2202 Sin,
458 2138 499 2202 ut
523 2148 600 2210 quae
621 2131 691 2206 dixi,
712 2151 769 2194 uns
790 2133 909 2212 paudus
930 2132 1041 2194 habere
1063 2139 1211 2212 putemus.

418 2241 473 2302 llic
495 2241 585 2302 tacuit
606 2241 773 2322 similisque
794 2241 869 2306 alias
892 2241 947 2304 sub
969 2250 1092 2322 pectere
1114 2259 1200 2306 eures

375 2350 510 2412 Valventi
531 2350 594 2412 visa
616 2359 671 2424 est,
695 2351 743 2422 ab,
767 2370 855 2431 quam
875 2351 956 2414 reiut
975 2363 1045 2414 ente
1065 2352 1174 2416 rotavit

376 2460 515 2524 Centrum
538 2460 681 2539 ingressa,
703 2470 808 2524 reum.
852 2461 1114 2541 tuliparum
1134 2463 1228 2526 altera
1251 2463 1350 2526 torma

873 322 1489 365 ,mm-ff

1560 751 1561 786 l

1560 805 1561 854 l

254 2114 258 2180 l

375 2569 516 2632 Laetitiae
538 2570 690 2650 praeclare
711 2571 807 2636 oeulis
828 2571 973 2652 apparuit,
996 2572 1089 2634 instar

325 2690 361 2743 65
377 2681 446 2742 Arte
467 2678 594 2742 laborati
615 2680 710 2744 nitide
732 2680 788 2746 sub
808 2681 876 2744 sole
897 2679 1017 2747 balasei.

375 2788 548 2850 Laetantur
569 2789 676 2850 domus
698 2790 756 2855 alta
775 2790 829 2854 Dei
852 2790 1063 2870 splendoribus
1084 2799 1193 2864 euetet,

375 2898 448 2966 Neu
464 2915 552 2960 secus
573 2917 609 2960 ae
629 2899 693 2960 risu
715 2897 821 2980 tellus3
843 2900 897 2962 sed
918 2901 1032 2978 nign'nr
1050 2901 1156 2964 amera
1560 2919 1561 2954 i

374 3007 516 3070 Tartarea
537 3017 585 3070 est
604 3015 697 3082 tanto,
719 3018 829 3088 quarn
852 3019 1004 3074 astruens
1024 3011 1139 3074 tristior
1159 3012 1227 3092 ipsi.

375 3117 486 3180 Cuncta
506 3118 586 3182 ilaus
606 3118 694 3191 ridet
717 3119 808 3199 inque
830 3119 914 3182 illum
935 3130 1109 3200 penetrasse
1130 3121 1261 3201 puteum
1282 3141 1326 3195 es,

325 3227 400 3289 7⁰0
423 3227 492 3292 lelix
514 3229 621 3302 anima,
642 3229 711 3292 huie
733 3229 803 3302 dixi,
826 3238 859 3292 ut
876 3231 939 3311 jam
960 3230 1040 3294 nulla
1063 3230 1170 3310 cupide

374 3337 536 3418 suspirans
559 3339 658 3418 ipsum
679 3348 728 3403 tua
749 3338 861 3402 lumine
882 3339 985 3403 fallere
1006 3341 1111 3420 pessit

376 3447 451 3524 Ergo
474 3467 547 3510 vore
570 3458 628 3520 tua,
652 3465 727 3530 quae
747 3467 889 3528 magnum
911 3449 1039 3513 oblectet
1061 3451 1217 3531 Olympum
1560 3459 1561 3538 l

374 3556 517 3621 Cautibus
538 3557 667 3620 assiduis
688 3558 828 3620 ardorum
849 3559 935 3622 mista
956 3559 1085 3640 piorum,

375 3668 508 3742 Quorum
530 3667 593 3730 alae
613 3668 706 3748 eapiti
726 3687 817 3732 senae
838 3669 1012 3749 implicuere
1034 3667 1189 3742 eueullrrna,
1243 3708 1246 3721 ·

322 3793 356 3846 '15
374 3776 434 3838 Cur
454 3795 503 3839 me
525 3795 584 3838 non
606 3777 708 3856 exples
729 3775 868 3842 aridum?
889 3779 951 3842 Nee
971 3778 1060 3842 verba
1082 3797 1235 3842 manerem
1554 3763 1561 3952 4

373 3886 442 3965 lpse
465 3893 523 3958 tua,
545 3885 576 3948 ia
599 3895 627 3948 te
650 3887 675 3950 si
697 3887 887 3967 inspicerem,
909 3889 942 3950 in
962 3907 1030 3950 mea
1050 3897 1172 3968 pectora
1193 3897 1226 3950 ut
1248 3889 1314 3969 ipse

374 3995 420 4058 Tu
441 4003 590 4075 penetras.
611 4029 654 4044 -
674 3997 769 4076 Major
789 3997 883 4071 vallis,
905 4007 977 4060 tune
998 3998 1105 4078 insipit
1123 3997 1184 4070 ille,

372 4105 502 4187 Excepta
524 4105 640 4186 pelage,
663 4107 743 4186 quud
764 4106 907 4172 mundum
929 4108 1066 4170 eireunait
1085 4125 1214 4182 omnem,

372 4213 407 4277 ln
431 4233 519 4297 quam
542 4235 574 4278 se
597 4215 749 4278 effundant
769 4217 877 4292 undae,
900 4217 1017 4280 diversa
1037 4227 1172 4298 pererrat

321 4331 356 4386 8⁰
372 4325 493 4400 Littera,
516 4326 574 4391 suli
596 4325 720 4390 adverse
740 4325 824 4400 adeo,
847 4335 880 4390 ut
899 4327 991 4392 medii
1012 4328 1077 4408 ipsa
1098 4327 1157 4390 diei

877 4506 1480 4540 *mal
