3136 5164
315 377 377 440 266
728 380 908 432 ruacsrcuu
926 382 1027 432 imru.

1193 477 1482 490 -Ι-υ--ι-ι-

381 594 427 658 Τιι
449 598 542 676 signa,
566 605 597 659 et
619 598 721 678 quales
742 617 823 660 nunc
844 599 927 662 mitta
950 617 986 661 ex
1008 607 1131 679 pectore
1153 621 1251 675 voces.

330 721 364 776 45
381 708 469 772 'l’ales
491 709 538 769 lac
559 707 670 770 doceas
692 709 741 788 qui
765 708 896 786 gaudent
916 727 1040 772 munere
1061 710 1148 785 uase,

382 819 465 893 Quae
487 837 577 880 cursu
598 817 657 880 ruit
677 818 707 878 in
730 818 830 880 lunus.
874 816 941 878 Tibi
962 827 1062 882 mente
1083 830 1239 899 repastum

379 929 413 990 ld
434 935 558 1000 maneat,
582 926 670 990 simul
692 927 818 1006 incipies
839 927 915 990 haec
935 928 1052 990 tradere
1074 930 1204 1010 scriptis,

380 1039 443 1101 Nec
464 1046 573 1110 menas,
596 1037 713 1116 qualem
733 1035 832 1098 vidisti
855 1053 978 1113 surgere
1000 1038 1140 1118 plantam,

382 1148 464 1222 Quae
486 1165 565 1210 nune
587 1153 634 1208 est
655 1145 718 1207 illic
739 1145 850 1225 duplici
871 1146 998 1226 expilata
1020 1149 1135 1228 rapina.

330 1266 364 1320 ct
381 1257 567 1336 Quicumque
588 1256 665 1318 hanc
686 1254 764 1318 ausit
784 1255 924 1335 spoliare,
946 1263 998 1318 ant
1019 1257 1157 1320 scindere
1177 1259 1317 1339 plantam,

380 1368 439 1430 lste
460 1367 553 1428 Deum
574 1363 672 1436 laedit,
695 1382 749 1425 ceu
771 1382 804 1426 re
826 1363 1011 1428 maledixerit
1032 1367 1090 1442 illi;

378 1477 511 1556 Namque
532 1474 582 1536 ille
603 1473 680 1535 hane
702 1481 833 1536 sancum
855 1473 912 1536 sibi
935 1474 993 1536 snli
1014 1476 1072 1538 rite
1094 1477 1214 1540 crearit.

379 1585 462 1648 llanc
484 1585 553 1665 quia
575 1583 721 1664 polluerat
742 1601 853 1654 mersu,
875 1601 1013 1647 moerere
1031 1604 1139 1665 peresa

378 1701 421 1759 Ae
443 1694 602 1761 desiderio.
625 1711 681 1773 per
701 1691 794 1754 millia
814 1691 959 1772 pluraque
981 1693 1084 1768 lustra,

330 1817 363 1871 55
381 1807 463 1881 Quae
485 1803 569 1885 prior
588 1804 734 1866 humanos
756 1802 853 1864 anima
875 1810 921 1864 est
942 1803 1040 1866 inlusa
1061 1823 1116 1884 per
1137 1813 1227 1878 artus,

381 1915 498 1996 Optavit
518 1913 642 1994 proprie
665 1912 715 1991 qui
737 1918 783 1972 est
803 1910 883 1974 ultus
904 1913 1048 1992 sanguine
1068 1933 1213 1976 mersum.

421 2025 505 2086 Mens
526 2031 575 2084 tua
598 2021 745 2092 dormitat,
768 2019 795 2080 si
816 2039 876 2082 nen
898 2029 983 2100 putat
1003 2041 1072 2084 esse
1093 2024 1254 2096 latendum,

379 2135 542 2213 Praecipua
563 2131 628 2193 lieri
652 2147 765 2196 caussa.
788 2141 821 2190 ut
841 2149 874 2192 se
896 2130 980 2194 tollat
1002 2131 1034 2192 in
1054 2131 1155 2206 altum,

379 2246 415 2308 Et
437 2253 497 2307 tam
519 2241 636 2304 diverso
659 2259 693 2302 se
715 2240 846 2302 edundat
866 2241 977 2304 vertice
998 2242 1107 2321 planta.

329 2359 363 2411 dc
378 2355 416 2418 Et
437 2354 498 2425 tibi,
522 2371 598 2433 quae
619 2369 710 2413 ranae
732 2348 889 2428 cingebant
909 2331 1034 2430 pectere
1054 2371 1153 2426 curae,

379 2465 412 2527 Si
434 2464 532 2526 minus
553 2461 694 2522 humores
716 2460 785 2521 Elsa
807 2460 845 2522 de
866 2461 949 2522 lente
971 2462 1107 2536 luissent,

378 2575 417 2637 Et
437 2593 512 2654 quae
534 2569 691 2652 spectabas
711 2569 781 2630 bine
801 2570 906 2646 gaudia
927 2570 1069 2651 Pyramus
1091 2571 1191 2634 album

377 2684 422 2748 dd
443 2699 569 2754 merum,
592 2699 642 2742 res
664 2678 702 2742 nb
724 2687 831 2753 unas,
854 2687 899 2742 tet
920 2688 1053 2760 tempera
1075 2699 1175 2744 rerum

377 2793 490 2856 Saltem
512 2789 583 2870 quid
604 2790 697 2854 valeat
717 2790 797 2852 Deus
818 2790 906 2863 ulter,
929 2788 965 2852 ab
987 2790 1093 2853 arbore
1116 2792 1235 2870 quisaes

327 2911 360 2962 65
378 2903 499 2965 Discere
520 2906 619 2962 mente
640 2909 700 2971 tua,
724 2907 754 2960 et
773 2898 905 2978 propriis
927 2917 1101 2964 succurrere
1122 2900 1221 2964 rebus.

376 3011 436 3077 Sed
459 3010 598 3090 quoniam
618 3008 704 3070 video
727 3016 757 3070 te
779 3027 864 3070 saxea
888 3010 978 3072 eorda
1000 3019 1160 3089 gerentem,

376 3121 415 3184 Et
436 3121 532 3201 culpis
555 3120 714 3191 contincta,
736 3119 796 3180 mei
818 3118 926 3181 ullibi
948 3119 1058 3182 lumina
1080 3119 1152 3182 dicti

376 3231 579 3309 Perstringant
601 3229 714 3300 ocules,
737 3238 776 3300 te,
798 3228 944 3292 siminus
966 3229 1043 3292 edita
1065 3229 1195 3309 scriptis,

375 3341 501 3404 Pectore
524 3341 601 3403 lerre
624 3347 721 3401 tamen
740 3338 833 3420 juben
855 3337 929 3400 baec
951 3337 1004 3400 tibi
1026 3340 1124 3402 inusta
1146 3341 1306 3420 profunde,

326 3457 359 3511 ⁷⁰
376 3451 458 3514 llere
479 3451 534 3512 viri
554 3448 652 3530 palma
672 3448 876 3528 praecinctum
897 3448 1006 3510 hostile
1028 3449 1168 3526 gerentis.

419 3561 503 3622 'lune
524 3577 596 3638 ege:
619 3559 656 3621 Ut
676 3559 853 3638 impressam
874 3559 1001 3620 formam
1021 3576 1089 3621 cera
1112 3567 1178 3639 apta
1200 3559 1299 3638 sigillo

375 3669 460 3732 llaud
483 3687 611 3749 unquam
633 3667 775 3742 immutat,
797 3668 872 3730 mihi
893 3677 971 3730 stam
992 3669 1080 3730 inlisa
1101 3652 1235 3742 cerebro,

376 3779 459 3854 Quae
479 3778 569 3840 mede
591 3779 724 3857 signasti:
767 3780 803 3840 nt
825 3777 962 3857 quianam
984 3779 1112 3842 sublime
1133 3780 1232 3842 volatu

374 3889 475 3969 Usque
497 3887 572 3951 adeo
593 3895 643 3950 tua
663 3887 753 3951 verba
773 3895 877 3968 petunt
898 3895 1007 3968 optata,
1030 3889 1170 3968 sequacis

325 4003 358 4058 td
374 3997 410 4061 Ut
432 3998 531 4060 lumen
552 3997 633 4060 visus
655 4005 735 4060 muto
758 3997 856 4060 minus
879 3997 950 4060 utile
971 3997 1119 4060 reddant?

416 4108 468 4171 llla
489 4107 578 4170 mihi:
604 4107 640 4169 Ut
661 4107 768 4180 discas,
792 4107 877 4186 queis
899 4106 942 4170 sis
964 4106 1137 4170 auctoribus
1160 4127 1233 4172 usus

372 4218 468 4298 Atque
490 4216 602 4290 schola,
625 4233 660 4280 ac
681 4216 790 4290 rideas,
813 4221 864 4298 qul
885 4217 984 4298 pessit
1005 4216 1074 4280 talia
1096 4218 1205 4282 lactem

371 4327 455 4390 llllus
476 4326 610 4390 doctrina
632 4327 734 4408 sequi3
757 4345 792 4390 ac
813 4327 866 4390 tibi
889 4344 1017 4390 edacem
1038 4327 1125 4390 detur
