3142 5166
94 369 99 505 i
583 423 764 476 ruostrotttt
781 426 841 476 tttt.

171 655 187 708 t
205 639 237 704 Si
259 641 386 704 missum
407 647 478 704 aere
500 659 572 703 caro
594 641 724 704 sonitum
747 643 850 723 procul
874 643 983 724 accipit
1004 643 1063 717 itte,
1196 663 1199 672 ⁴

205 751 292 825 Quod
310 751 374 832 jam
396 749 524 813 labentis
546 751 679 814 rideatur
699 752 773 814 flere
795 751 854 813 diei

205 860 370 934 Occasum3
392 860 464 922 mihi
487 879 554 922 cum
577 860 664 941 coepi
685 862 857 924 imstrarier
877 881 965 924 aures
1091 919 1096 932 ,

204 968 373 1050 iospiciens
396 970 559 1049 quandam,
583 988 658 1048 quac
681 980 924 1044 consurrexerat,
946 971 1092 1046 ¹trnrbram,

203 1079 300 1159 Atque
323 1095 429 1142 manns
450 1088 536 1157 gestu
558 1081 710 1142 metantes
731 1079 834 1142 andire
852 1080 985 1162 jubebat.
1081 1075 1084 1084 ’

93 1176 96 1267 i
157 1200 187 1253 lo
245 1189 399 1262 devenit,
422 1189 536 1268 pchnas
558 1189 594 1251 ad
618 1188 735 1252 coelum
758 1190 880 1255 sustulit
901 1189 1013 1263 ambos,

92 1280 95 1351 i
203 1299 276 1360 Fixo
298 1306 496 1378 prospectans
517 1299 664 1360 orientem
685 1299 797 1362 lumina
818 1307 956 1380 utroque,

91 1356 95 1529 ἒ
203 1407 282 1470 iiaec
305 1407 378 1470 santi
401 1407 524 1470 similis:
546 1407 618 1471 hiihi
639 1415 722 1481 stent,
744 1409 839 1482 Dens,
864 1409 962 1472 omnia
984 1417 1101 1484 tocum3

91 1546 94 1627 p
201 1515 248 1578 ttit
270 1517 356 1579 nitra.
400 1515 479 1580 Huic
499 1518 625 1598 hymnus
651 1517 688 1581 Ta
710 1519 785 1582 tacis
807 1519 838 1580 in
861 1536 914 1580 ore
935 1517 1061 1582 sonabat

91 1643 94 1739 p
202 1625 280 1688 Voce
301 1627 368 1706 pin,
390 1645 486 1706 usquc
509 1627 586 1689 adeo
607 1627 687 1690 dulci
709 1628 910 1690 modulamine
931 1635 1047 1702 cautus,

91 1746 94 1801 t
156 1747 185 1801 to
201 1735 238 1798 Ut
259 1743 357 1798 mente
380 1736 447 1816 ipse
468 1735 541 1798 mihi
562 1735 735 1800 exciderim.
780 1737 855 1800 Dein
875 1745 993 1801 caetera
1013 1737 1099 1802 turba

90 1822 93 1841 ’
201 1845 335 1908 Dulciter
354 1853 443 1926 atque
464 1845 514 1926 pie
536 1853 629 1908 totam
651 1853 698 1910 est
720 1845 875 1910 absolvers
897 1846 1000 1909 adorta

198 1955 312 2034 Legem
332 1954 433 2034 hymni
454 1955 542 2018 simui
564 1957 601 2019 ad
623 1957 781 2037 sphaeram
803 1974 947 2018 conversa
968 1973 1138 2037 supernam

90 2022 94 2121 i
199 2063 354 2127 {lichene
376 2065 423 2126 iac
445 2082 535 2127 acuns
558 2067 595 2128 ad
617 2085 720 2128 rerum
741 2065 852 2127 lumina
872 2066 967 2138 visos,

90 2130 93 2223 i
199 2174 326 2248 Lecton
349 2183 409 2236 tam
431 2173 508 2236 benc
530 2191 611 2236 nunc
625 2176 729 2238 *retum
751 2175 860 2238 subtiic
882 2183 1012 2255 paratur,

151 2295 183 2346 uo
199 2283 236 2347 Ut
258 2284 322 2346 iere
344 2285 383 2348 sit
405 2292 487 2352 osrtc
508 2284 629 2358 cursim,
652 2285 733 2365 qaod
755 2283 904 2348 clauditur
925 2285 1014 2356 intus,

199 2394 371 2473 inspexisse
394 2395 496 2456 semei.
539 2393 613 2456 usin
635 2394 694 2456 ridi
716 2394 775 2456 hoo
795 2410 908 2471 agmen
923 2393 1082 2456 honestum
1111 2385 1113 2389 ’

200 2503 361 2582 Sospiecre
382 2503 461 2565 haud
483 2504 622 2577 hiscens,
645 2521 730 2565 mors
752 2502 967 2584 exspoctantis,
990 2503 1021 2564 in
1043 2520 1096 2564 ors

200 2613 320 2675 Patiens
343 2623 373 2676 et
395 2614 471 2676 tastu
494 2631 634 2676 vacnum:
656 2621 718 2676 tum
742 2633 778 2676 ex
799 2613 920 2676 aethere
942 2611 1001 2675 iabi

89 2792 91 2831 Ι
198 2723 335 2802 Aligeros
357 2723 508 2801 geminos.
527 2722 593 2784 hini
616 2741 692 2803 quos
714 2724 782 2801 igne
805 2721 951 2784 micantes

88 2846 91 2947 ἰ
152 2845 183 2899 tt
198 2831 361 2894 drmahant
380 2851 472 2894 enses
493 2832 590 2894 trunci
618 2840 648 2893 ct
669 2849 813 2894 mucrone
835 2839 982 2894 carentes.

198 2941 266 3003 Non
288 2959 378 3004 secus
400 2959 435 3003 ac
456 2941 580 3004 frondes
602 2941 691 3004 modo
713 2950 818 3015 name,
841 2943 933 3004 restis
953 2941 1062 3004 amictu
1127 2969 1133 2978 ·

198 3051 363 3130 Fuigcbant
383 3051 500 3126 viridis,
523 3051 609 3114 viridi
631 3069 720 3131 quam
742 3070 821 3132 pone
842 3069 898 3130 per
918 3067 1005 3113 ouras

197 3161 332 3239 Remigio
356 3159 467 3223 alarum
488 3179 662 3241 percussam
685 3162 810 3241 utrisque
833 3159 976 3222 trahebat.

241 3269 324 3332 Unus
345 3269 510 3350 paullisper
530 3287 621 3350 supra
643 3277 732 3349 caput
753 3269 880 3343 adstitit,
904 3269 979 3332 alter

87 3350 90 3509 μ
149 3395 182 3447 ao
198 3378 375 3460 Oppositum
397 3379 427 3440 in
450 3379 595 3460 spondam
618 3378 781 3442 descendit
811 3377 926 3448 ¹Turhn
947 3378 1066 3442 tenebat
1142 3393 1148 3403 ¹

86 3524 89 3605 p
197 3489 237 3550 Sc
260 3488 398 3551 mediam.
443 3489 530 3552 Potui
552 3489 644 3552 ssavos
667 3505 724 3567 ego
746 3505 870 3552 cernere
891 3487 1007 3561 omnes,

86 3612 89 3683 t
196 3599 235 3660 tt
255 3597 368 3660 ruitum
391 3597 561 3677 adspiciens
583 3599 688 3662 oculus
710 3598 784 3661 mihi
805 3597 970 3662 hebescere
991 3598 1101 3678 coepit,

86 3688 89 3765 i
198 3707 259 3771 Ceu
281 3707 341 3779 ris,
365 3725 454 3787 quam
476 3707 583 3772 nimiam
606 3708 763 3770 confundit
783 3707 869 3788 copia
891 3706 976 3769 locis.

85 3778 89 3843 i
240 3816 370 3895 Virginis
394 3837 410 3878 e
432 3817 562 3894 gremio,
586 3817 659 3880 dixit
680 3818 857 3880 Sososacus
879 3816 998 3897 utrique

84 3864 88 3995 i
147 3949 179 4002 35
196 3926 348 3989 Venerunt
369 3927 454 3990 veliis
476 3927 631 4001 custodes,
654 3934 778 4008 propter
797 3927 929 3990 hiantem

82 4006 87 4161 j
195 4023 348 4114 hugnem,
372 4037 422 4120 qui
441 4038 504 4118 jam
526 4037 632 4100 aderit.
677 4035 793 4111 Quare,
817 4037 868 4116 qui
892 4035 968 4098 scire
991 4033 1159 4114 nequibam,
1207 4083 1209 4090 ,

81 4173 86 4269 p
196 4145 265 4220 Quo
287 4155 463 4227 properarat
485 4147 555 4220 iter,
578 4165 625 4208 mc
647 4146 875 4210 circumvenere
905 4154 935 4207 et
956 4152 1029 4216 arte,

194 4257 260 4318 iam
284 4263 363 4318 totus
386 4256 513 4336 frigens,
535 4256 668 4319 humeris
689 4257 866 4318 haerescere
888 4255 966 4318 iadis.

79 4284 85 4491 ε
195 4365 434 4447 Sohaemusque
456 4365 559 4430 smol:
578 4365 665 4430 Nunc
682 4366 745 4448 jam
767 4365 951 4429 descendere
973 4370 1087 4443 empus
