3124 5170
389 778 441 839 Cui
465 776 641 857 caryopbylli
664 775 851 838 beneolentia
872 774 988 838 semiue
1009 775 1186 848 adbaereut3

387 887 497 966 Excipe
519 893 695 957 conventus,
718 885 769 948 uhi
792 885 906 946 consita
928 883 1037 944 vitibus
1058 901 1125 945 amu

387 996 618 1056 llscrrnouensrs
640 995 782 1074 dispersit
803 995 925 1066 Cuncta,
949 1001 979 1054 et
1001 993 1106 1072 ingens

323 1113 370 1165 125
387 1104 595 1166 Frondiferum
617 1123 736 1176 nemus,
759 1103 862 1182 etqui
884 1100 1002 1174 elludit,
1025 1103 1166 1180 prodigus
1184 1103 1261 1174 curi,

364 1183 539 1294 ⁸Quidquid
563 1213 681 1274 consilii
704 1212 788 1294 prius
809 1215 1012 1274 Anestmnnus
1035 1210 1173 1274 habehat.

1552 369 1553 394 ι

751 448 942 500 rnrenuonmt
961 448 1025 500 xxx.
1552 403 1553 472 Ῑ

388 669 541 730 Nreonsmr
563 666 671 740 moris,
693 665 821 746 primum
843 665 893 746 qui
916 665 1062 730 invenerit
1083 665 1212 738 bortum,

1482 958 1485 987 l

387 1323 482 1402 thue
505 1322 598 1394 scias,
621 1323 671 1402 qui
693 1329 722 1384 te
744 1328 926 1400 spectantem
949 1330 1047 1382 mente
1069 1320 1220 1382 Senenses

386 1433 517 1494 Adversa
539 1431 583 1494 sic
606 1431 715 1494 auxilio
733 1432 831 1512 juvet,
855 1429 988 1509 inspice,
1012 1438 1041 1491 et
1062 1448 1113 1492 ora

387 1543 446 1604 Fac
466 1540 541 1602 bene
563 1549 743 1621 responsent
764 1540 817 1602 tibi
838 1546 956 1612 nostra,
978 1547 1008 1599 et
1030 1539 1112 1602 disce
1135 1539 1260 1602 Caroccr

323 1657 371 1708 tec
387 1651 525 1712 Umbram
548 1657 611 1712 erte
632 1650 803 1730 hlcbymiee
825 1648 903 1711 docti
925 1647 1029 1712 vitiare
1051 1649 1185 1722 metalla3

388 1763 425 1823 Et
446 1759 618 1823 meminisse
641 1767 742 1839 potes,
766 1759 791 1820 si
816 1767 843 1820 te
865 1759 941 1820 bene
963 1758 1075 1820 lumine
1096 1758 1200 1831 lustro,

389 1871 484 1944 Quam
505 1870 581 1932 bene
603 1877 725 1932 naturae
747 1868 903 1930 simulator
923 1867 1027 1929 simius
1050 1887 1156 1930 essem.

866 2127 963 2210 xxi.
1038 2226 1049 2245 ¹

431 2309 503 2371 Cum
524 2310 600 2371 June
624 2308 661 2370 ob
684 2306 821 2370 Semelen
844 2306 913 2368 odio
936 2305 1106 2384 indulgebat
1127 2303 1235 2366 acerbo

389 2419 492 2481 Gentis
515 2419 545 2480 in
569 2437 655 2480 omne
678 2435 769 2496 genus
792 2416 934 2478 Thebano
956 2414 1098 2494 sanguine
1121 2422 1228 2486 cretae,

389 2529 475 2602 Quod
498 2528 603 2601 semel,
627 2534 715 2606 atque
737 2527 844 2590 iterum
866 2525 1015 2600 ostendit3
1037 2523 1192 2586 lurialibus
1215 2532 1300 2586 actus

389 2639 442 2698 llst
464 2639 537 2700 adeo
560 2636 687 2698 stimulis
708 2636 862 2708 Athamas,
886 2646 919 2696 ut
939 2634 1065 2714 conjuge
1085 2634 1158 2706 risa,

355 2749 472 2820 bQuae
493 2755 593 2818 natos,
617 2753 756 2824 utrasque
778 2764 882 2808 manus
905 2751 1040 2816 onerata,
1063 2744 1207 2816 trahebat,

390 2855 580 2918 Exclamarit:
603 2856 650 2926 lo,
673 2854 829 2916 tendamus
851 2854 925 2916 retia
948 2853 1038 2926 silvis,

390 2967 427 3028 Ut
447 2975 517 3045 post
539 2964 663 3026 insidias
684 2963 800 3042 gemine
823 2981 889 3026 cum
910 2963 993 3044 prole
1015 2963 1146 3026 leaenam

390 3075 545 3138 Prendam.
588 3073 701 3136 Deinde
723 3072 803 3134 leros
823 3091 938 3151 ungues
959 3072 1123 3153 protendit,
1147 3083 1177 3134 et
1196 3091 1298 3146 renum,

390 3185 515 3246 Nomine
537 3203 624 3264 quem
647 3183 768 3264 proprio
791 3182 1004 3262 compellavere
1025 3182 1197 3254 Learchum,

342 3304 373 3355 to
390 3294 555 3373 Corripuit,
578 3294 717 3374 circaque
739 3301 827 3373 eaput
848 3292 896 3354 bis
918 3301 1021 3372 terque
1043 3299 1172 3354 rotatum

389 3405 432 3465 ld
455 3423 555 3464 saxum
578 3403 684 3466 allisit:
707 3401 821 3482 reliquo
844 3411 873 3466 et
895 3420 962 3464 cum
984 3401 1115 3482 pondere
1137 3419 1203 3464 sese

391 3512 497 3574 Obruit
519 3512 568 3576 illa
589 3511 674 3574 mari.
717 3511 755 3573 Et
776 3520 880 3574 cuncta
902 3529 986 3583 ausa,
1009 3511 1149 3590 ausisque
1170 3511 1264 3590 potita

391 3622 463 3686 Cum
486 3623 604 3684 somnne
624 3621 769 3699 Phrygum
792 3620 893 3700 eoepit
912 3620 1051 3700 sublapsa
1073 3621 1188 3693 referri,

391 3733 428 3794 Ut
449 3750 571 3810 regnum
593 3739 623 3793 et
645 3745 742 3807 regem
765 3728 908 3791 deleverit
929 3749 986 3792 una
1008 3730 1108 3804 ruina,

344 3854 374 3908 lb
392 3841 514 3912 Tristis,
538 3841 641 3920 inops,
663 3840 791 3918 praedae
813 3839 888 3900 mala
910 3858 977 3902 sors
999 3838 1127 3914 Cisseis,
1150 3840 1200 3902 ubi
1223 3858 1291 3902 aras

392 3951 487 4012 Caede
509 3950 666 4030 Polyxenia
688 3968 841 4030 respersas
862 3949 948 4021 vidit,
972 3957 1001 4010 et
1023 3949 1083 4010 ictu

392 4058 529 4122 Telorum
552 4059 695 4122 exanimis
716 4058 854 4139 Polydori
877 4057 908 4120 in
928 4058 1027 4122 littore
1049 4075 1168 4139 corpus,

392 4175 463 4232 Acte
487 4171 586 4231 lurore
608 4169 690 4234 dedit
711 4169 833 4232 latratus
856 4187 907 4230 ore
930 4169 1055 4231 caninos

393 4279 450 4340 Pro
473 4280 587 4352 verbim
609 4286 708 4340 tantus
729 4287 857 4342 mentem
880 4277 1057 4344 distorserat
1078 4295 1179 4356 angor.

341 4401 374 4451 ac
434 4389 492 4450 Sed
514 4407 610 4470 neque
633 4387 804 4461 Thebanae,
828 4407 924 4468 neque
946 4388 1070 4452 Troicae
1091 4388 1237 4467 Erinnyes
1257 4404 1391 4468 unqmm
1493 4408 1496 4453 ι
