3116 5162
736 401 929 455 INFERNORUH
947 401 978 454 11.

360 622 406 686 'l'u
428 623 474 686 rir
495 641 528 687 ea
550 621 687 704 ingenio,
711 631 741 686 ct
759 621 926 706 praevenis
949 620 1028 684 dicta
1049 620 1210 702 loquenu'a.

310 743 343 798 ³5
360 733 398 796 Et
419 732 531 814 qualia,
554 732 605 814 qui
626 732 831 818 postrenmo,
854 731 881 794 ai
904 750 961 812 qua
983 738 1053 793 anie
1073 730 1200 804 volebat,

360 842 586 924 Propositisque
607 842 692 904 noris
714 850 863 923 permutat
882 840 994 923 primu
1016 848 1158 921 retroque

361 951 437 1014 Tota
457 959 562 1016 mente
578 951 683 1014 abiens
705 950 842 1016 absistit:
865 950 911 1014 cic
932 967 988 1030 ego
1010 949 1041 1012 iu
1063 949 1114 1014 ilio

360 1061 537 1126 Restiteram
560 1063 707 1124 obscurus
729 1059 823 1132 saltu,
845 1053 933 1140 atque
955 1059 1006 1122 hio
1027 1060 1119 1124 muita
1140 1061 1277 1128 velariana

361 1171 494 1234 Consilia
515 1171 637 1251 inceptu
657 1178 718 1232 tam
740 1169 879 1234 Festinata
900 1168 1018 1250 reliqui.

309 1285 344 1340 4⁰
403 1281 582 1362 Magnanimi
604 1289 676 1344 tunc
697 1280 747 1342 illa
768 1279 825 1340 riri
847 1279 892 1342 aio
913 1279 1017 1341 umbra
1037 1279 1137 1342 loeuu
1159 1287 1221 1343 eet:

361 1390 394 1454 Si
416 1391 493 1454 benc
515 1399 544 1452 to
566 1388 678 1463 audivi,
702 1388 822 1452 excordi
843 1407 928 1450 meos
949 1387 1030 1451 laesa
1052 1387 1160 1453 timore

361 1500 416 1563 Eat
436 1509 502 1572 tua,
525 1519 615 1582 saepe
636 1498 788 1562 homiuem
809 1498 860 1578 qui
881 1497 958 1560 ludit
979 1497 1108 1578 imagine
1128 1499 1212 1564 inani

362 1609 426 1684 Sic,
448 1618 483 1673 ut
503 1609 650 1672 honorato
674 1608 823 1689 trepidum
844 1609 985 1670 deflectat
1004 1607 1042 1670 ab
1064 1627 1148 1682 aueo,

363 1722 424 1784 Geir
446 1719 533 1782 fallax
555 1738 622 1782 oum
643 1718 725 1780 visua
746 1736 856 1798 equum
877 1716 1039 1780 formidine
1059 1725 1160 1782 terret.

311 1829 345 1884 ⁴5
361 1829 425 1894 flac
446 1827 578 1892 animum
599 1836 632 1892 ιιι
653 1829 751 1892 solvas
773 1845 858 1901 cura,
881 1845 961 1890 nuno
983 1827 1083 1890 dicere
1104 1837 1216 1909 aperte,

363 1939 446 2012 Quae
469 1939 509 2000 ait
530 1956 635 2002 caussa
658 1938 739 2011 viae,
763 1937 918 2017 incipiam,
942 1956 1077 2018 quaeque
1100 1938 1221 2002 auribus
1243 1939 1310 2020 ipae

362 2047 527 2123 audierim,
551 2057 601 2112 lua
622 2067 690 2112 cum
711 2047 857 2110 miserans
879 2045 1051 2110 discrimina
1073 2048 1152 2110 uori.

362 2159 484 2222 Stabarn
505 2175 669 2239 suspensos
692 2157 787 2232 inter,
809 2155 974 2238 mulierque
995 2156 1080 2220 beau

362 2268 548 2350 Pulchraque
569 2287 616 2330 me
637 2267 745 2331 accivit
765 2267 879 2340 verbis,
904 2267 1014 2348 laliquc
1036 2267 1151 2330 screbat

312 2386 346 2439 co
363 2379 402 2442 Sc
424 2380 521 2452 ιιιΙῑιι,
544 2387 577 2440 ut
598 2386 705 2459 sponte
727 2378 863 2440 hortarer
884 2396 938 2440 sua
958 2395 1097 2459 promere
1115 2378 1211 2459 jurae.

361 2487 525 2568 Fulgebaot
546 2487 625 2552 oculi
646 2488 759 2568 majore
780 2487 933 2552 ardentius
954 2495 1047 2560 astro,

363 2598 564 2679 angelicoque
586 2617 656 2660 suas
678 2595 758 2658 clare
780 2595 864 2660 dedit
885 2615 938 2659 ore
959 2597 1103 2677 loquelas,

364 2707 462 2771 Suave
483 2725 609 2770 sonans:
633 2707 659 2770 0
682 2716 728 2778 tu,
752 2724 810 2787 quo
834 2707 942 2786 gaudet
962 2707 1083 2768 Maraeu
1105 2715 1202 2770 mator

364 2817 477 2889 Corde,
500 2815 616 2888 unirer,
638 2816 782 2888 humano,
806 2823 853 2891 tu,
876 2817 962 2898 cujus
985 2795 1061 2880 fama
1083 2835 1139 2897 per
1159 2835 1264 2882 omues

314 2929 347 2984 55
365 2927 458 2990 Durat
478 2925 575 2988 adhuc
597 2933 708 2998 terras,
730 2926 942 3006 perduratura,
965 2925 1088 2990 diurnae

364 3037 591 3117 Noeumesque
612 3034 693 3098 vices
715 3035 786 3098 dum
807 3035 918 3100 diridet
940 3035 1036 3100 orbico
1058 3036 1147 3098 eolis:

365 3147 461 3222 Quem
482 3145 556 3208 mihi
574 3145 674 3226 junxit
694 3163 791 3220 amor,
815 3163 881 3210 mea
902 3165 961 3208 noo
984 3147 1117 3220 fortuma,
1140 3146 1273 3213 locorum

364 3256 488 3320 Deserta
510 3255 677 3337 impediunt
697 3255 757 3330 sic,
779 3265 814 3319 ut
833 3255 993 3320 fonnidioe
1014 3255 1110 3320 victus

365 3366 460 3446 Terga
484 3363 543 3428 det.
586 3365 630 3428 Ac
650 3365 757 3440 timeo,
781 3383 818 3430 uc
840 3367 920 3428 huno
941 3365 1020 3428 haud
1041 3365 1172 3429 vitabilis
1195 3383 1278 3430 error

315 3485 349 3537 oo
365 3475 519 3556 Depuicrit
540 3493 646 3548 cursu,
668 3491 704 3536 ac
724 3493 792 3538 aero
815 3485 885 3555 post
904 3474 1051 3556 temporie
1073 3476 1178 3538 horam

365 3585 444 3648 Mota
465 3583 532 3646 loco
553 3601 726 3665 properem,
749 3584 891 3648 auxilium
912 3585 1007 3648 latura
1029 3584 1151 3658 labanti,

367 3697 405 3756 Ut
425 3695 515 3756 modo
537 3711 592 3774 ego
615 3693 712 3756 rudivi
735 3693 765 3757 iu
788 3694 882 3758 coelo.
927 3695 1026 3770 Quare
1049 3694 1134 3758 ocius
1156 3694 1228 3759 illuc

350 3781 451 3866 ‘Nunc
472 3821 573 3884 perge,
596 3804 776 3885 eloquioque
799 3813 866 3879 tuo,
890 3823 1008 3886 quaque
1029 3808 1093 3868 art'e
1115 3804 1220 3870 solutis

367 3913 443 3976 Huic
464 3913 577 3994 potoris
599 3913 864 3986 monstramus,
887 3915 944 3976 hac
964 3921 1057 3988 utere,
1080 3931 1228 3997 opemque

317 4023 461 4096 ocurrer,
484 4032 517 4086 ut
538 4023 570 4086 in
591 4023 682 4086 tenuis
704 4023 820 4103 capiam
843 4022 988 4088 columina
1010 4023 1101 4088 curia.

365 4133 426 4206 En,
449 4151 525 4214 quae
548 4133 699 4206 remitto,
722 4149 788 4194 eom
810 4132 908 4196 isthuc
928 4133 1051 4215 delapsa
1072 4134 1222 4210 Burrum
1304 4141 1307 4148 ’

366 4245 435 4324 ipsa
457 4242 525 4304 loco
547 4241 638 4317 oriri,
662 4259 721 4321 quo
743 4251 791 4304 eat
810 4241 902 4307 ardor
921 4245 999 4308 ferro
1019 4261 1205 4324 regressum:

367 4353 427 4414 Cor
446 4351 519 4414 mihi
541 4350 635 4414 movit
655 4369 754 4426 amor,
778 4351 829 4433 qui
851 4350 920 4416 ulia
943 4353 1034 4418 rerba
1054 4353 1215 4418 ministrat.
