3124 5170
320 449 389 514 122·
728 447 921 500 inssuuonus
938 447 1026 500 sunu

318 675 368 728 120
383 667 516 731 hinidnm
538 669 702 748 quondum,
724 668 879 732 ductorem
901 668 1022 730 sustulit
1042 669 1130 744 ulnis.

425 778 463 841 Ut
482 797 550 840 sose
572 797 714 858 pransum
736 779 843 850 sensit,
866 777 939 838 mihi
961 778 1028 841 talia
1050 779 1128 840 intur

383 888 560 950 hiinoiodes:
583 888 684 950 isthuc
705 886 828 961 tonsos,
853 895 936 950 utto
959 905 1077 967 qnoque
1098 887 1257 968 piendam:

382 997 456 1059 Dsin
478 997 522 1060 sio
544 998 658 1070 stiunt,
681 997 756 1058 iasoi
777 1006 810 1059 ut
830 995 1038 1074 glomeraverit
1058 997 1119 1070 uni,

384 1107 472 1174 Sese.
494 1125 612 1187 meque.
654 1106 739 1168 Velut
760 1105 816 1168 suh
838 1115 935 1185 parts,
958 1105 1009 1168 uhi
1031 1125 1124 1185 prona
1148 1105 1264 1168 vidntur

318 1219 365 1272 125
383 1216 543 1278 Carisendn
565 1216 673 1289 oculis,
696 1216 722 1276 si
745 1215 863 1294 quando
885 1234 921 1276 ax
942 1215 1061 1278 authors
1084 1216 1115 1277 in
1138 1217 1234 1295 ipsam

382 1325 536 1389 incumbat
556 1325 665 1398 nubes,
688 1332 844 1386 utcontra
865 1323 994 1404 pendeat
1015 1324 1065 1387 ilia
1076 1345 1086 1398 3

382 1437 517 1497 Anninus
539 1434 700 1497 mihi'talis
722 1442 800 1508 snat,
823 1434 893 1496 dum
914 1433 1005 1496 muita
1027 1435 1173 1507 morabar,

384 1544 548 1607 Clinantsm
570 1551 710 1624 spectans
731 1551 811 1606 tanta
832 1562 865 1605 ss
887 1543 965 1606 mois
987 1544 1144 1622 gigantem.

382 1654 444 1716 Neo
466 1654 558 1716 somni
580 1655 695 1726 evenit,
717 1653 866 1714 divorsum
887 1660 920 1714 ut
941 1671 1084 1732 quassare
1106 1653 1211 1714 cahem

318 1766 367 1818 130
384 1763 534 1843 Optarim3
557 1763 611 1826 sed
632 1781 688 1825 nos
709 1764 801 1825 imum
821 1781 915 1842 prope
937 1763 1068 1826 fluminis
1091 1763 1205 1825 alveum

383 1873 527 1952 Deposuit
546 1872 661 1946 insitor,
685 1873 787 1952 Cocyti
808 1871 858 1934 ubi
880 1880 985 1949 stagna
1005 1872 1145 1952 profundi

383 1983 553 2044 Luciferum
571 1980 738 2062 iudamque
759 1990 872 2044 vorant
914 1981 971 2044 ilio
991 1981 1071 2044 nulla
1092 1981 1231 2044 manandi
1278 1969 1283 1982 ”

382 2092 443 2172 ipsi
466 2109 569 2154 caussa
591 2091 647 2153 init
667 2091 712 2154 sio
734 2109 838 2164 curvo,
862 2099 909 2154 ast
930 2091 1046 2154 athonis
1068 2092 1162 2154 instar

382 2201 542 2274 Veliterno.
565 2202 686 2264 immani
707 2219 741 2262 ss
763 2203 871 2264 amsxit
892 2218 1019 2280 onrpors
1040 2201 1071 2263 in
1093 2201 1194 2262 altum.

845 2461 974 2542 ΧΧΧΙΙ.

425 2640 457 2700 Si
478 2638 551 2700 mihi
572 2639 617 2700 sio
638 2657 759 2719 asprum
780 2655 963 2718 annuumquo
984 2639 1159 2701 sonantibus
1183 2640 1226 2702 uti

381 2749 438 2811 Fas
461 2757 542 2810 esset
562 2748 707 2821 numeris,
731 2755 764 2810 nt
785 2748 990 2810 convenientis
1011 2749 1088 2811 tristi

383 2857 518 2920 Carmina
540 2864 755 2937 sonoropsront
775 2856 931 2931 barathro,
955 2859 987 2920 in
1009 2857 1088 2938 quod
1110 2857 1243 2936 pondero
1263 2845 1357 2938 nopes

383 2967 512 3030 Cunctas
534 2965 609 3028 alias
630 2966 769 3040 tondunt,
791 2984 865 3028 vona
886 2967 980 3046 magis
1003 2967 1094 3028 uhsne
1115 2985 1237 3029 sonuum

349 3077 583 3156 tExprimsnsm
603 3076 729 3150 mantis3
751 3075 804 3138 ssd
825 3076 877 3138 uhi
899 3083 944 3138 ost
965 3077 1037 3140 mihi
1059 3077 1144 3156 copia
1167 3076 1256 3148 nulia,

382 3187 449 3250 Furi
470 3187 548 3248 haud
571 3185 685 3266 absquo
706 3196 786 3248 matu
807 3185 978 3264 aggredior:
1002 3205 1059 3248 nno
1079 3205 1167 3266 parva
1190 3187 1315 3259 videtur,

381 3298 511 3375 Dignam
532 3315 580 3358 ros
602 3297 697 3367 risus,
720 3305 769 3358 aut
790 3296 910 3358 nomina
930 3295 1018 3358 halba
1038 3307 1195 3377 parentum

382 3407 533 3483 Fingsntis
555 3405 685 3484 linguan,
709 3406 853 3477 modium,
876 3405 909 3468 in
931 3407 1011 3485 quod
1032 3407 1256 3479 mutaremus,

381 3515 552 3593 Desiguare.
597 3514 657 3576 Sosi
677 3514 757 3576 huno
779 3515 949 3578 doctissima
971 3515 1057 3578 turha
1080 3535 1218 3578 sororum

334 3637 366 3690 ln
381 3625 450 3705 ipsa
470 3625 552 3706 juvet
571 3641 706 3694 versum,
729 3641 804 3702 quas
824 3624 990 3705 Amphiona
1012 3625 1149 3688 ulandans
1172 3623 1292 3686 Thebas

381 3733 513 3795 hiolitum
535 3732 749 3813 amitinum,
774 3751 811 3796 ne
834 3735 964 3796 earmina
985 3735 1075 3796 subus

381 3843 566 3905 Discondont.
591 3875 630 3886 -
652 3841 677 3904 0
698 3841 785 3922 piohs
805 3844 949 3906 humanas
971 3845 1102 3924 pessima
1123 3844 1230 3922 gentis,

383 3953 466 4026 Quae
487 3951 576 4014 sedas
598 3951 729 4026 habitas,
753 3971 826 4031 quas
850 3961 897 4016 sst
917 3954 1086 4016 describere
1107 3954 1223 4028 durum,

381 4061 530 4124 Proiussit
551 4062 655 4124 molius
677 4061 761 4124 vohis
783 4063 931 4142 paoudum
952 4072 1039 4145 atque
1061 4081 1216 4143 caprorum

334 4175 365 4230 15
381 4171 474 4233 isthic
496 4179 576 4232 sorte
598 4170 683 4232 datas
705 4171 818 4234 animas
840 4173 1005 4253 sumpsisse
1026 4172 1165 4252 repostis.

424 4280 584 4360 Postquam
606 4281 727 4344 demissi
749 4281 780 4344 in
799 4287 924 4361 puteum
945 4283 1118 4346 devenimus
1139 4290 1245 4354 atrum,

382 4389 443 4453 Sub
465 4389 591 4472 podibus
612 4390 729 4471 Lghioi,
751 4391 783 4454 in
803 4391 897 4456 multo
918 4391 1058 4455 interiori
1081 4391 1216 4454 iooornm
