3136 5164
549 430 729 482 PURGATORH
754 431 836 482 ΧΧΙΙΙ.

192 648 314 729 Absque
337 647 437 720 modo,
459 647 659 729 precibusque
681 649 744 710 suis
767 650 897 729 suspiria
918 651 1050 714 miscens

193 759 320 822 Carcere
341 777 389 820 me
411 757 561 826 abstraxit,
586 759 635 838 qui
657 758 787 820 absumit
807 759 890 822 moda
911 769 1067 824 manentes

144 881 176 936 85
193 869 352 949 Tempora,
375 861 431 929 ne'c
452 867 586 946 reliquos
608 885 697 947 passa
719 875 765 930 est
786 887 834 930 me
855 877 975 948 tangere
997 872 1101 933 flexus.

236 977 317 1041 Haec
337 983 489 1057 peramato
510 976 593 1049 mibi,
616 995 696 1038 nunc
718 996 765 1039 me
787 978 903 1039 viduata
924 979 1023 1058 puella

193 1087 288 1148 Tanto
310 1087 380 1168 plus
403 1096 449 1148 est
470 1103 537 1147 cara
559 1087 622 1148 Deo
644 1087 820 1167 dilectaque,
844 1096 953 1166 quanto

192 1196 264 1260 rtus
287 1196 351 1258 sola
373 1203 427 1268 est,
451 1203 571 1256 sanctos
594 1215 669 1274 quae
690 1197 838 1275 praeferat
858 1197 972 1274 integra
993 1217 1105 1261 mores.

82 1282 86 1439 ¹
192 1307 266 1369 Nam
289 1324 365 1386 quae
388 1303 510 1367 Sardois
531 1303 675 1385 Barbajae
697 1305 728 1366 in
750 1305 902 1367 montibus
925 1317 1047 1379 cretam,

82 1443 85 1547 Ι
144 1429 177 1482 10
193 1416 265 1478 Plus
287 1417 318 1477 in
339 1413 468 1477 femineo
492 1432 564 1476 sexu
586 1433 655 1475 sese
677 1433 745 1475 esse
767 1414 892 1495 pudicas

82 1560 85 1612 q
194 1525 371 1598 Ostendant,
394 1543 483 1604 quam
504 1541 585 1584 nuno
606 1523 760 1604 Barbajae,
783 1523 833 1584 ubi
855 1536 958 1588 nostra
978 1526 1082 1590 relicta
1104 1537 1159 1590 ost

193 1635 273 1710 Quid
295 1635 401 1706 dicam,
424 1653 443 1695 o
466 1633 563 1695 oeteis
585 1631 702 1694 irater?
720 1633 829 1696 Procud
850 1634 924 1698 bora
945 1636 1044 1698 futura

191 1745 259 1807 Non
281 1753 337 1816 est,
360 1761 427 1805 cum
449 1761 485 1804 ex
507 1742 656 1804 cathedris
679 1742 780 1822 templi
803 1743 959 1807 interdicta
981 1745 1134 1819 tonabunt,

194 1853 289 1928 Queis
310 1852 501 1914 Florentinae
523 1851 664 1932 perfricta
685 1853 782 1913 tronto
804 1852 921 1932 puellae

82 2030 84 2057 Ι
144 1977 176 2032 ot
192 1964 319 2026 Pectora
341 1981 409 2024 cum
430 1961 566 2024 mammis
587 1961 666 2023 nuda
688 1969 837 2023 ostentare
858 1971 1003 2024 vetentur.

195 2073 347 2148 Quaenam
368 2071 528 2134 Barbarico
551 2078 602 2132 aut
622 2070 759 2149 Pangaeo
783 2069 813 2131 in
834 2070 934 2134 littore
955 2079 1032 2144 nata,

80 2061 85 2293 ι
193 2183 232 2245 Ut
240 2163 364 2261 'corpus
385 2189 507 2260 tegeret,
530 2180 651 2242 monitis
672 2179 805 2258 cogenda
826 2179 977 2260 minisque

81 2300 85 2346 t
195 2293 347 2355 censurae
370 2289 482 2352 tuerit?
503 2288 536 2351 si
559 2287 669 2350 oblitae
691 2290 775 2350 irena
795 2267 920 2368 pudoris

195 2403 283 2465 Certe
306 2399 515 2479 compererint,
539 2397 610 2478 quid
631 2399 717 2461 velox
738 2399 846 2477 cogitet
866 2399 942 2479 ipsis

131 2511 318 2577 loo'Funesti
340 2510 464 2582 coclrnn,
484 2509 547 2589 jam
566 2507 728 2570 ululatibus
751 2527 802 2571 ora
824 2515 970 2589 paterent.

195 2621 282 2695 Quod
306 2621 332 2682 si
353 2629 439 2681 mens
460 2635 602 2698 praesaga
623 2617 696 2681 mihi
717 2617 796 2680 baud
818 2618 867 2679 bic
888 2617 962 2680 salsa
983 2620 1103 2692 volutat,

194 2729 343 2793 Tristities
365 2746 469 2808 aegras
491 2728 627 2790 absumet
647 2727 721 2798 dira,
744 2728 942 2808 priusquam

193 2839 301 2902 Induat
323 2857 375 2901 ora
397 2837 476 2918 pilis,
498 2855 635 2899 somnum
658 2858 675 2900 a
697 2837 840 2901 solamine
862 2847 965 2901 cantus

194 2949 253 3024 Qui
277 2947 408 3029 capitio
430 2947 526 3009 cunis.
571 2947 631 3009 Sed
654 2965 742 3021 nunc,
766 2967 829 3021 oro,
853 2949 949 3022 effice,
973 2949 1072 3022 irater,

130 3067 176 3121 tto
191 3059 236 3121 Ne
258 3077 307 3120 me
328 3073 508 3137 suspensum
531 3065 648 3130 teneas;
671 3056 708 3119 da
730 3055 855 3129 discere
875 3057 926 3138 qui
949 3059 1007 3132 sis;

191 3168 332 3248 Adspice,
355 3185 416 3229 non
436 3167 527 3228 modo
549 3184 614 3246 ego,
638 3167 690 3228 sed
713 3185 787 3246 gens
808 3167 883 3229 haee
905 3168 1002 3230 omnis
1025 3168 1054 3230 io
1077 3187 1136 3230 uno

191 3278 293 3340 Detixa
316 3275 421 3339 obtutu
443 3285 497 3350 cst,
520 3275 571 3338 ubi
594 3276 668 3338 solis
690 3275 801 3340 lumina
821 3277 902 3339 velas

191 3387 285 3450 Unus.
308 3417 349 3430 -
371 3385 434 3463 Ego
457 3394 575 3448 eontra:
599 3386 725 3448 Mentori
746 3387 772 3448 si
794 3395 892 3448 mente
914 3386 1041 3468 putabis,

192 3497 269 3571 Quis
290 3495 383 3557 tueris
405 3513 531 3568 mecum,
555 3485 616 3576 quo
637 3505 734 3558 tecum
758 3497 894 3575 cognitus
915 3514 972 3559 usu

128 3617 175 3670 1111
191 3605 339 3687 lpsetibi
361 3605 476 3678 inerim,
500 3606 529 3666 in
552 3623 695 3686 praesens
717 3605 889 3668 meminisse
910 3607 1023 3687 pigebit

191 3717 279 3779 Nunc
300 3734 430 3795 quoque.
473 3713 520 3776 Me
542 3733 638 3794 nuper
658 3715 737 3776 rictu
760 3715 880 3777 deduxit
901 3715 938 3778 ab
959 3715 1021 3788 iito,

192 3825 251 3896 Oui
273 3843 322 3886 me
343 3823 505 3904 praecedit,
529 3841 596 3886 cum
617 3825 702 3887 uobis
722 3825 785 3886 risa
806 3823 933 3886 rotunda
955 3834 1002 3887 est

190 3934 275 3998 lttius
298 3949 394 4006 soror,
416 3939 505 4012 atquc
527 3934 618 3996 altum
640 3935 732 4012 digito
754 3934 853 3997 indice
873 3934 968 3996 solem

189 4044 364 4107 monstravi.
407 4041 463 4104 Hic
485 4045 581 4104 noctis
603 4061 657 4124 per
677 4043 773 4106 lurida
794 4063 884 4123 regna
907 4044 1082 4125 profundae,

73 4144 77 4287 p
126 4156 173 4211 ns
188 4154 309 4234 Perque
332 4153 444 4216 animas
465 4171 536 4216 vera
558 4154 712 4216 defunctas
733 4163 830 4216 morte
852 4154 969 4216 reduxit

74 4294 77 4361 7
190 4263 326 4344 Corpore
347 4281 395 4325 me
416 4262 474 4324 hoo
496 4281 566 4324 uero
590 4271 782 4337 constantem,
806 4263 954 4344 istumque
976 4270 1120 4326 secutum.

188 4373 246 4435 Hic
267 4391 316 4434 me
339 4371 472 4434 consiliis
495 4372 686 4435 scandentem
707 4373 855 4453 hujusque
876 4382 1023 4435 meantem

1094 4471 1146 4524 15*
