3136 5164
258 355 264 436 Ι
315 405 376 468 306
736 415 741 426 ·
786 405 920 456 rantum
939 406 965 456 x.
1494 353 1498 491 i

381 623 459 686 Urba
480 631 540 699 tua,
563 639 637 706 quaa
659 623 739 687 illius
760 623 862 704 planta
881 633 938 697 ast,
961 641 1012 704 qiu
1033 631 1149 686 samaro
1169 639 1284 704 ptumus

381 733 477 812 Terga
499 752 553 796 suo
576 735 688 796 auctori
711 741 758 796 ast
778 751 879 808 ausus,
902 733 1048 814 cujusquo
1070 733 1219 796 dolendus

382 843 435 905 Est
456 844 531 906 adeo
553 843 636 915 livor,
659 843 810 924 progignit
831 849 861 904 et
883 843 1013 922 undique
1035 841 1133 904 luudit

381 952 501 1014 Florem
522 951 605 1014 illurn
628 952 751 1026 tristam,
773 953 906 1032 pecudes
928 951 978 1032 qui
1001 952 1104 1014 avortit
1125 961 1156 1014 et
1176 970 1287 1032 agnos3

316 1073 365 1124 12⁰
381 1061 514 1140 Namque
535 1061 585 1122 liic
606 1079 643 1123 ox
663 1073 784 1141 pastore
806 1063 910 1142 lupum
932 1062 1042 1124 larissa
1063 1079 1202 1142 rapacem

381 1169 529 1249 Arguitur.
572 1171 672 1244 Quare
694 1172 864 1251 Scripturas
884 1170 975 1233 rerba
996 1171 1149 1252 ducesque

381 1279 478 1359 llagni
500 1279 684 1360 linquuntur.
726 1279 903 1342 Parrolvaro
925 1279 1095 1344 anrotalas

382 1388 475 1450 Unica
498 1406 568 1450 aura
591 1399 637 1450 ast
657 1389 715 1462 lris,
737 1389 812 1451 hasa
833 1389 881 1452 his
903 1389 962 1452 sibi
982 1389 1066 1470 priva
1087 1388 1232 1469 supellex.

213 1577 215 1582 Ι
382 1497 447 1560 lluo
468 1506 515 1560 ast
535 1499 690 1561 Pontillcis
713 1499 853 1570 studium.
875 1499 943 1569 hoo,
965 1499 1016 1579 qui
1041 1499 1163 1562 cardina
1184 1499 1266 1561 salso

318 1621 366 1675 tas
383 1607 532 1686 Eliulgont
551 1607 654 1688 positi,
675 1609 796 1671 volmmt
816 1607 873 1670 sub
894 1616 1018 1688 portora
1038 1608 1152 1672 Patres.

383 1715 527 1779 Nazareth
549 1719 628 1780 haud
651 1720 726 1798 ipsis
749 1735 837 1779 numa
858 1727 914 1792 est,
935 1717 988 1780 ubi
1010 1717 1128 1780 Gabriel
1152 1717 1214 1780 alas

384 1825 501 1889 Tendit.
546 1827 606 1890 Sed
627 1826 708 1891 Patri
729 1825 872 1906 templum
895 1835 925 1890 ot
946 1843 1029 1892 saara
1051 1835 1168 1890 caetera
1189 1827 1310 1900 Romae,

383 1934 533 2015 Bustnque
553 1937 676 2000 militias
697 1937 778 1999 Petri
798 1935 903 1999 taxilla
924 1944 1043 1998 secutas

384 2045 477 2125 Turpi
499 2045 537 2106 ab
559 2047 704 2110 adulterio
727 2047 945 2127 quamprimum
965 2045 1060 2109 libera
1081 2061 1197 2108 carnes.

897 2303 940 2389 X·

426 2486 461 2547 ln
482 2483 615 2562 genitum
638 2485 802 2565 inspiciens
824 2483 935 2564 paritor
956 2498 1023 2545 oum
1043 2481 1165 2544 liamina
1185 2483 1305 2556 amoris,

386 2595 559 2658 Saralorum
581 2614 598 2656 a
620 2595 699 2657 satia
721 2601 841 2656 osterna
862 2611 954 2674 qnam
975 2593 1225 2672 spiritumque,

386 2704 504 2766 Primus
525 2721 624 2766 ramur
647 2703 755 2784 opilat,
778 2721 846 2776 uua,
869 2703 982 2766 infinita
1004 2709 1145 2782 potastis,

387 2812 602 2893 Quodcumque
623 2820 673 2874 aut
693 2813 784 2875 manti
805 2820 856 2874 ant
877 2811 964 2874 ooulo
987 2811 1170 2887 obversatur,
1192 2812 1219 2874 is
1233 2829 1333 2876 omna

354 2921 500 2984 sordine
520 2923 648 3004 perlooit
668 2929 759 2995 tanto,
781 2929 823 2994 ut,
846 2923 897 3002 qui
919 2922 1025 2984 viderit
1045 2920 1134 2994 istud,

385 3031 479 3094 Nemo
502 3047 604 3094 sarens
626 3039 716 3110 quoat
735 3031 872 3110 potiundi
895 3031 974 3094 illius
996 3046 1106 3093 amora.

427 3142 507 3218 Ergo
530 3140 634 3202 oculos
655 3139 758 3203 attollo
779 3150 868 3214 rotas,
892 3139 934 3201 mi
955 3141 1058 3213 laotos,
1080 3140 1117 3202 ad
1139 3140 1222 3216 altas,

385 3251 477 3314 licata
498 3251 568 3314 illua
589 3267 705 3314 manum
727 3257 915 3330 suspectans,
937 3250 982 3312 ris
1003 3247 1055 3312 ubi
1077 3257 1176 3312 motus

385 3359 449 3422 Una
470 3359 557 3421 aliam
579 3359 701 3422 altmnis
723 3360 775 3421 icit
796 3359 900 3440 rapido
922 3359 1012 3420 incita
1035 3375 1144 3435 otram

338 3488 370 3541 ιο
385 3470 482 3548 Atque
503 3469 566 3532 illio
587 3477 679 3531 anam
701 3469 748 3532 iao
769 3467 973 3548 mnsamptsra
994 3470 1127 3549 magistri

386 3578 470 3640 Intus
491 3579 617 3642 amantis
640 3595 716 3658 opus
737 3565 901 3658 proprium,
923 3585 958 3640 nt
979 3597 1032 3640 sua
1054 3578 1165 3642 lumina
1186 3577 1223 3642 ah
1245 3579 1305 3642 isto

386 3687 470 3749 Haud
491 3705 620 3768 unquam
642 3696 784 3750 amoveat.
827 3687 933 3760 Cerno,
954 3695 989 3748 ut
1009 3687 1184 3752 diffunditur
1204 3689 1274 3752 inda

387 3795 521 3859 Ciroulus
543 3796 681 3876 obliquus
703 3813 846 3878 praossas
866 3797 973 3859 anana
995 3796 1138 3878 planetas,

387 3905 424 3968 Ut
446 3918 493 3969 sat
511 3905 669 3984 tartigsnis
689 3907 741 3968 dat
763 3906 956 3969 clamantibus
977 3907 1055 3970 illos.

339 4030 371 4085 ιε
388 4014 503 4089 Quodsi
525 4033 584 4076 uon
607 4015 683 4095 ipsis
703 4016 750 4077 ria
772 4025 847 4078 torta
870 4016 1006 4080 obeunda
1028 4017 1155 4091 dotatur,

386 4125 538 4186 Permulta
557 4124 589 4186 in
611 4123 695 4186 ooolo
716 4125 809 4188 virtus
830 4127 924 4188 eiiusa
946 4126 1067 4207 potirer,

389 4235 494 4297 Omnis
516 4243 545 4296 ot
567 4234 691 4296 inlarius
714 4235 757 4296 ria
780 4236 873 4298 latmo
894 4245 1010 4298 mortua
1031 4245 1135 4301 suren

278 4331 280 4336 ¹
389 4344 503 4418 Quodsi
526 4342 629 4423 plusve
651 4343 785 4406 minusve
807 4363 824 4407 a
844 4346 960 4407 tramite
980 4345 1168 4410 declinarant

271 4502 734 4555 L--..„....-...-
