3136 5164
310 413 372 476 270
784 409 917 462 reeaotsr
937 410 967 460 ιι.

375 632 434 707 Qui
455 649 528 704 rem,
551 649 627 714 quae
649 629 757 711 triplex
777 628 908 710 spatium
929 635 1066 706 oooupat,
1087 627 1240 690 insinuare

324 746 357 801 35
373 742 474 805 Altera
494 761 585 823 passa
607 739 665 802 sibi
686 759 737 802 res
759 738 808 813 sit,
832 737 912 820 quod
934 737 987 800 liat
1007 745 1135 817 oportet,

374 852 490 932 Corpus
511 850 562 916 ubi
583 850 614 913 io
636 867 747 930 eorpus
768 855 864 930 repat,
887 848 980 912 multo
1001 848 1101 910 aerius
1122 854 1203 910 esset

373 961 546 1024 Ardeatium
566 959 655 1022 uobis
677 958 813 1020 mirarier
834 957 915 1022 illius
937 975 1015 1030 esse,

375 1071 434 1144 Qui
456 1069 515 1133 sibi
538 1069 691 1150 conjunxit
711 1077 846 1131 naturam
868 1067 1060 1146 hominisque
1079 1064 1199 1146 deique.

374 1180 460 1242 Touo
480 1178 521 1242 ibi
543 1196 666 1242 oeruere
688 1178 754 1250 erit,
777 1177 857 1258 quod
880 1174 1086 1240 demonstrare
1108 1174 1245 1255 nequibit

323 1301 358 1354 4ο
375 1289 432 1352 Hie
456 1287 612 1370 quisquam
635 1295 725 1367 atque
746 1286 822 1348 lidos
839 1285 926 1367 jubet
948 1303 1053 1350 omues
1075 1285 1198 1346 credere
1221 1295 1314 1358 certo,

374 1399 411 1462 Ut
433 1417 509 1478 quae
529 1415 598 1460 vera
620 1403 723 1476 patent
742 1413 799 1475 per
819 1413 853 1458 se
874 1395 1040 1468 notissima,
1062 1393 1160 1474 primo

374 1507 529 1570 Credenda
551 1505 657 1568 intuitu
679 1504 798 1568 menos.
821 1535 862 1552 -
883 1505 970 1568 'luno
991 1521 1044 1566 oro
1065 1503 1219 1566 resolvens

374 1617 457 1680 Dixi:
479 1617 552 1694 Ego,
574 1613 656 1689 Diva,
678 1613 739 1695 pio,
762 1615 861 1694 quoad
882 1633 1016 1696 possum,
1038 1613 1108 1676 huio
1129 1623 1252 1694 peotore
1274 1623 1373 1694 gretes

375 1725 475 1796 Solve,
496 1724 613 1788 mortali
635 1725 687 1804 qui
707 1743 755 1787 me
776 1723 963 1806 sejunxitab
986 1722 1068 1784 orbe.

325 1839 359 1894 to
377 1837 412 1898 Al
434 1834 515 1916 quid,
538 1833 587 1896 dio
607 1851 729 1913 quaeso,
752 1833 825 1913 quid
847 1841 917 1896 suut
937 1834 1022 1912 nigra
1042 1832 1179 1912 eorporis
1201 1832 1291 1914 hujus

376 1944 466 2023 Signa
489 1963 533 2018 ea,
556 1961 631 2023 quae
653 1942 685 2005 iu
707 1943 796 2004 terris
818 1941 855 2004 de
877 1943 950 2006 Cain
972 1943 1083 2022 lieqere
1105 1941 1231 2006 suadent

374 2051 551 2116 Fabellam?
572 2051 625 2114 llla
647 2052 700 2115 diu
721 2049 863 2127 subrisit3
885 2051 994 2114 deiude
1015 2051 1165 2132 loquelam

375 2163 517 2227 Solreus:
539 2162 573 2224 Si
595 2162 738 2236 mortalis,
760 2162 810 2235 ait,
832 2162 980 2226 sententia
1002 2160 1130 2235 aberrat,

376 2273 473 2336 Clario
495 2271 546 2333 ubi
568 2289 677 2334 sensus
697 2271 795 2334 uestit
814 2270 969 2334 recludere
990 2291 1102 2346 renuo,

326 2383 360 2438 ⁶⁰
377 2383 464 2446 Certo
485 2381 563 2444 haud
585 2379 731 2444 deberent
747 2381 812 2464 jam
832 2399 967 2461 pungere
987 2381 1046 2444 tela
1068 2381 1200 2462 stuporis

377 2493 437 2555 (lor
458 2490 528 2566 tibi3
549 2509 619 2552 uam
640 2490 725 2566 ratio,
748 2509 824 2570 quae
845 2507 954 2553 seusus
974 2508 1054 2571 poue
1075 2499 1224 2571 sequatur,

377 2603 507 2666 Caruere
528 2607 561 2662 ut
580 2600 648 2680 ipse
668 2608 765 2680 potes,
786 2598 975 2663 brevioribus
996 2601 1089 2662 utiurr
1108 2600 1174 2664 alis.

378 2714 417 2775 At
436 2711 484 2785 da,
507 2709 579 2791 quid
600 2717 698 2772 teoum
719 2717 851 2789 reputes.
895 2709 980 2772 'luno
1001 2709 1072 2774 hoio
1093 2727 1149 2789 ego
1172 2717 1293 2774 oeulos:

378 2821 423 2883 Ex
444 2839 512 2882 raro
534 2835 569 2882 ao
590 2819 693 2892 denso,
716 2837 793 2899 quae
814 2819 860 2882 sio
881 2819 996 2882 divona
1017 2819 1164 2892 videntum

327 2933 362 2990 ot
378 2929 453 2992 Esse
475 2947 554 2992 reor.
574 2961 617 2974 -
637 2926 729 2990 uulso
751 2927 826 2994 liaeo
846 2929 877 2992 ia
896 2929 1011 2992 vortioe
1031 2948 1131 2992 musa
1151 2929 1267 2994 videbis

376 3039 467 3114 Falsi,
490 3056 566 3120 quae
586 3037 677 3100 modo
700 3037 808 3114 orodis,
830 3038 879 3112 ait,
903 3039 929 3100 si
950 3039 1007 3101 rite
1028 3039 1153 3112 tenebis,

378 3150 461 3225 Quae
483 3149 581 3212 dicam
602 3155 716 3210 eontra.
759 3147 949 3212 Demonstrat
967 3148 1079 3214 lumina
1100 3149 1186 3212 vohis

376 3259 468 3322 llulta
488 3257 571 3320 orbis
593 3256 738 3339 sphaerae
759 3265 888 3333 octavae,
911 3257 1027 3321 diversa
1048 3259 1177 3323 notanus

377 3369 455 3431 Mola
477 3387 530 3430 sua
551 3385 587 3431 ao
608 3366 683 3430 lucis
704 3375 818 3430 oauua.
862 3367 918 3430 llic
940 3367 1047 3448 oollige
1067 3367 1177 3448 primo.

327 3489 362 3542 oo
378 3479 411 3540 Si
433 3495 498 3540 rara
521 3493 556 3539 ao
577 3477 668 3540 densa
690 3477 844 3538 oliioereut
863 3495 909 3548 ea.
932 3478 1029 3558 qualia
1050 3486 1187 3542 ooostaru

380 3587 564 3667 Quantoque,
587 3586 785 3650 flammivomo
807 3586 901 3648 ouiris
922 3586 968 3650 ris
990 3586 1076 3650 uoloa
1098 3587 1221 3662 inesset,

377 3695 509 3776 Plusque
529 3697 688 3776 minusque
708 3695 819 3758 uihuto
841 3694 939 3774 globo,
962 3704 1051 3776 atque
1072 3697 1238 3778 aequaliter
1258 3700 1327 3762 uai-

378 3805 502 3884 Cuique.
543 3805 582 3868 lt
602 3805 784 3886 multiplices
805 3805 928 3868 unates
949 3825 985 3868 ex
1006 3807 1162 3896 elementis

377 3915 595 3995 Primis-quae
616 3915 740 3978 lerinam
763 3922 897 3978 sumunt
918 3916 1073 3998 quujusque,
1096 3935 1222 3982 necesse
1244 3929 1309 4004 est,

328 4037 362 4094 ee
377 4025 476 4098 Nasoi,
499 4042 574 4105 quae
596 4023 692 4086 deleta
714 4024 821 4097 loreut,
843 4033 874 4086 to
891 4025 1003 4107 judioe,
1026 4037 1142 4100 ouoou,

377 4133 443 4197 lioo
464 4152 523 4196 uno
546 4140 680 4212 excepto.
722 4132 807 4198 Adde
829 4134 934 4198 eu'am:
956 4137 983 4197 si
1004 4153 1109 4200 mussa
1133 4137 1262 4217 nigroris

377 4245 486 4307 llamm
509 4251 598 4318 esset,
621 4242 702 4323 quod
722 4249 756 4306 tu
771 4243 900 4320 rooitus;
922 4253 973 4308 aut
993 4245 1051 4308 iste
1072 4247 1191 4327 planeta

378 4353 489 4416 Partim
512 4371 548 4416 ex
567 4351 691 4416 moues
709 4351 831 4436 jejunus
852 4353 930 4416 torte
950 4355 1074 4431 laboret,

530 4516 1491 4570 ..-—-—.—-.——.-.J
