3136 5164
312 401 376 464 252
756 408 937 460 roncaronn
955 411 1020 464 1111
1488 470 1491 561 1

378 627 537 690 Nectentes
559 625 699 688 choream
723 645 848 706 quarum
868 645 927 690 una
949 627 1050 692 colora
1072 628 1198 692 rubebat
1488 666 1491 767 1

378 738 485 811 Tanto,
508 743 540 798 ut
561 737 608 798 vix
629 737 731 816 possis
753 737 849 816 ipsam
871 738 1076 800 internoscere
1099 738 1136 800 ab
1159 741 1244 818 igne;

377 847 476 910 Altera
497 864 553 925 par
574 846 660 909 viridi
681 863 788 908 carnes
810 855 899 926 atque
921 865 991 908 ossa
1013 849 1171 928 smaragdo

379 956 538 1036 Fulgebat3
559 956 677 1018 nivibus
699 973 758 1018 nou
782 957 869 1018 tactis
889 957 976 1019 tertia
997 956 1127 1020 babebat

315 1075 363 1127 1111
380 1067 439 1128 Par
459 1065 570 1128 decus:
593 1073 681 1146 atque
702 1065 793 1127 modo
814 1066 899 1128 nivea
922 1066 1050 1129 ducente
1073 1067 1221 1140 choream,

367 1177 417 1266 ⁸Et
437 1177 527 1238 modo
548 1176 684 1257 punicea,
706 1193 773 1236 sum
795 1176 876 1238 risus
898 1193 1022 1238 cernere
1043 1175 1180 1240 adactum

379 1286 468 1348 istius
490 1285 525 1348 ad
550 1303 690 1348 numeros
713 1284 802 1346 citius
822 1285 869 1347 rel
891 1285 1004 1346 tardius
1027 1301 1143 1364 agmen.

421 1396 473 1458 Bis
494 1395 630 1474 geminae
652 1413 669 1456 a
691 1393 772 1458 laam
792 1394 916 1457 vestitae
937 1395 1051 1458 murice
1073 1405 1195 1458 ovantes

379 1504 572 1578 Plaudebant,
595 1511 779 1566 monstrante
801 1505 861 1578 iiia,
884 1505 931 1568 eui
953 1504 1064 1568 lumina
1086 1507 1164 1568 trina

314 1624 363 1680 125
378 1616 529 1678 Muuiverc
551 1623 649 1694 capot.
672 1645 712 1658 -
735 1615 833 1695 Prope
853 1623 949 1676 totum
971 1615 1097 1677 nexibus
1119 1615 1223 1678 orbem

379 1727 558 1799 Tractatum,
580 1725 638 1786 vidi
659 1725 748 1788 binos
770 1724 826 1786 sub
848 1724 969 1804 dispare
988 1733 1080 1798 ream,

379 1834 564 1916 Spectandos
587 1835 698 1915 pariter
718 1842 804 1914 gestu
826 1842 858 1896 et
878 1834 1019 1912 gravitate
1041 1835 1158 1897 decora.

379 1945 571 2024 Longaevost
593 1961 730 2023 unusque
752 1944 858 2008 borum
881 1963 949 2008 sese
971 1963 1024 2006 ora
1046 1945 1161 2006 terebat

378 2054 568 2135 Hippocratis
590 2054 715 2126 socium,
739 2054 796 2126 cui,
819 2073 895 2134 quae
916 2055 1070 2116 carissima
1092 2054 1183 2127 ducit,

312 2175 362 2228 1³⁰
379 2164 554 2228 Tradiderat
575 2163 726 2245 quondam
748 2163 878 2226 curanda
900 2164 1038 2227 animalia
1060 2173 1154 2226 mater

356 2275 506 2349 'Natura3
528 2275 685 2336 astatium
707 2273 856 2336 contraria
880 2291 951 2335 cura
971 2273 1102 2336 notabat

378 2385 434 2449 Hic
455 2403 556 2448 ensem
579 2384 700 2446 rutilum
722 2383 872 2463 crispabat
892 2383 1018 2464 cuspide
1039 2395 1133 2456 acuta,

378 2495 416 2558 Ut
436 2495 510 2558 mibi
532 2495 576 2557 cis
596 2495 691 2556 rivum
714 2501 849 2573 quateret
869 2493 1029 2556 tormidine
1049 2493 1191 2556 membra.

377 2605 453 2668 Exin
474 2604 522 2668 bis
544 2605 678 2684 geminos
700 2602 804 2665 bumili
827 2603 883 2665 sub
905 2604 1033 2682 imagine
1054 2603 1124 2666 vidi.

311 2728 361 2786 lat
419 2713 509 2778 Solus
530 2721 599 2795 post
620 2731 725 2776 omnes
746 2713 806 2776 ibat
826 2714 872 2776 vir
891 2714 1035 2776 maximus
1056 2732 1129 2776 aevo

376 2825 546 2889 Dormitans
567 2825 644 2886 facie
665 2833 779 2903 arguta.
823 2823 905 2886 flacc
925 2823 1023 2905 capita
1044 2823 1152 2904 inclyta
1175 2831 1290 2904 septem

378 2934 540 2996 Gestabant
560 2941 659 2996 restes
681 2945 714 2995 ut
734 2934 849 3014 pmmae
871 2934 958 2997 turba
981 2933 1128 3007 cobortis3

376 3045 442 3107 Non
464 3053 561 3107 tanum
583 3043 631 3105 bis
653 3061 770 3106 sacram
790 3040 951 3122 cingebant
971 3041 1031 3104 iiiia
1054 3044 1191 3116 frontem,

376 3156 484 3218 Verum
506 3165 537 3217 et
557 3154 699 3235 purpurei
721 3155 812 3216 tiores
834 3162 865 3215 et
885 3152 973 3216 mista
994 3171 1131 3214 rosnmna

310 3276 359 3331 140
377 3269 491 3332 Gratia:
515 3268 625 3350 quique
647 3265 751 3328 oculus
772 3263 890 3326 modice
912 3262 1052 3324 distasset
1073 3262 1110 3324 ab
1132 3261 1218 3342 ipsis,

375 3381 448 3459 igne
469 3377 663 3459 supercilium
686 3375 802 3438 cunctis
824 3374 931 3436 ardere
954 3381 1090 3453 putasset

374 3489 504 3552 iuratus.
548 3486 607 3550 Sed
627 3485 680 3548 ubi
701 3502 750 3548 me
771 3493 874 3546 contra
895 3483 1052 3546 advenerat
1075 3483 1147 3554 aris,

374 3598 514 3662 Auditum
537 3604 582 3660 est
604 3596 730 3670 tonitrum
753 3595 919 3674 dignusque
941 3593 1089 3655 exercitus
1111 3590 1170 3665 iiie,

376 3707 481 3782 Qualis
502 3707 553 3786 qui
575 3705 699 3768 ulterius
721 3703 897 3786 prohibetur
917 3703 1040 3765 tendere
1061 3719 1175 3781 gressu,

310 3827 358 3882 tta
376 3818 450 3880 Cum
471 3816 576 3897 primis
597 3817 710 3897 pariter
731 3814 824 3894 signis
846 3813 923 3894 pede
945 3812 1075 3876 substitit
1097 3811 1168 3874 iiiic.

854 3990 953 4072 XXX.

374 4147 496 4228 Septem
518 4146 570 4209 ubi
592 4145 731 4227 primoris
754 4143 831 4206 coeli
852 4143 910 4206 trio
932 4143 1053 4205 nescius
1076 4149 1167 4213 ornis,
1477 4028 1482 4199 b

373 4260 468 4339 Atque
490 4256 599 4330 obitus,
623 4257 763 4318 minimae
785 4263 815 4317 et
834 4253 971 4326 nebulae,
994 4252 1091 4315 velum
1114 4251 1217 4332 excipe
1240 4251 1356 4333 culpae.
1475 4202 1480 4367 J

374 4367 487 4431 Omnes
509 4368 559 4450 qui
581 4367 696 4430 monuit
716 4365 799 4446 iungi
822 4382 875 4428 sua
898 4381 1023 4426 munera
1044 4371 1150 4426 nouitas
1473 4370 1477 4481 ἱ

1471 4517 1474 4548 Ι
