<?xml version="1.0" encoding="UTF-8"?>
<!DOCTYPE html PUBLIC "-//W3C//DTD XHTML 1.0 Transitional//EN"
    "http://www.w3.org/TR/xhtml1/DTD/xhtml1-transitional.dtd">
<html xmlns="http://www.w3.org/1999/xhtml" xml:lang="en" lang="en">
 <head>
  <title>
</title>
<meta http-equiv="Content-Type" content="text/html;charset=utf-8" />
  <meta name='ocr-system' content='tesseract 3.04.00' />
  <meta name='ocr-capabilities' content='ocr_page ocr_carea ocr_par ocr_line ocrx_word'/>
</head>
<body>
  <div class='ocr_page' id='page_1' title='image "./divinacomoedia00piazgoog_0096.png"; bbox 0 0 3124 5170; ppageno 0'>
   <div class='ocr_carea' id='block_1_1' title="bbox 79 475 813 530">
    <p class='ocr_par' dir='ltr' id='par_1_1' title="bbox 79 475 813 530">
     <span class='ocr_line' id='line_1_1' title="bbox 79 475 813 530; baseline 0 -1"><span class='ocrx_word' id='word_1_1' title='bbox 79 481 81 513; x_wconf 74' lang='lat'>²</span> <span class='ocrx_word' id='word_1_2' title='bbox 563 475 758 528; x_wconf 69' lang='lat' dir='ltr'>inscendat!</span> <span class='ocrx_word' id='word_1_3' title='bbox 776 479 813 530; x_wconf 78' lang='lat' dir='ltr'>it</span> 
     </span>
    </p>
   </div>
   <div class='ocr_carea' id='block_1_2' title="bbox 75 695 1355 1451">
    <p class='ocr_par' dir='ltr' id='par_1_2' title="bbox 75 695 1355 1451">
     <span class='ocr_line' id='line_1_2' title="bbox 156 695 1059 778; baseline -0.004 -14"><span class='ocrx_word' id='word_1_4' title='bbox 156 699 308 770; x_wconf 73' lang='lat' dir='ltr'>admotu,</span> <span class='ocrx_word' id='word_1_5' title='bbox 330 696 465 759; x_wconf 66' lang='lat' dir='ltr'>barathri</span> <span class='ocrx_word' id='word_1_6' title='bbox 487 713 577 776; x_wconf 85' lang='lat' dir='ltr'>quern</span> <span class='ocrx_word' id='word_1_7' title='bbox 598 703 735 760; x_wconf 74' lang='lat' dir='ltr'>muntani</span> <span class='ocrx_word' id='word_1_8' title='bbox 756 695 884 760; x_wconf 87' lang='lat' dir='ltr'>claustra</span> <span class='ocrx_word' id='word_1_9' title='bbox 908 699 1059 778; x_wconf 77' lang='lat' dir='ltr'>profundi,</span> 
     </span>
     <span class='ocr_line' id='line_1_3' title="bbox 78 805 983 889; baseline -0.001 -18"><span class='ocrx_word' id='word_1_10' title='bbox 78 806 80 819; x_wconf 72' lang='grc'>’</span> <span class='ocrx_word' id='word_1_11' title='bbox 186 807 228 872; x_wconf 79' lang='lat' dir='ltr'>dd</span> <span class='ocrx_word' id='word_1_12' title='bbox 249 805 521 889; x_wconf 75' lang='lat' dir='ltr'>superimpendens</span> <span class='ocrx_word' id='word_1_13' title='bbox 543 805 665 868; x_wconf 86' lang='lat' dir='ltr'>immani</span> <span class='ocrx_word' id='word_1_14' title='bbox 687 805 870 868; x_wconf 70' lang='lat' dir='ltr'>accessimus</span> <span class='ocrx_word' id='word_1_15' title='bbox 890 827 983 870; x_wconf 90' lang='lat' dir='ltr'>urnae</span> 
     </span>
     <span class='ocr_line' id='line_1_4' title="bbox 76 915 1142 1037; baseline 0.002 -59"><span class='ocrx_word' id='word_1_16' title='bbox 76 947 80 1037; x_wconf 72' lang='grc'>1</span> <span class='ocrx_word' id='word_1_17' title='bbox 187 917 333 996; x_wconf 78' lang='lat' dir='ltr'>Tegmen,</span> <span class='ocrx_word' id='word_1_18' title='bbox 355 915 408 978; x_wconf 88' lang='lat' dir='ltr'>ubi</span> <span class='ocrx_word' id='word_1_19' title='bbox 430 915 530 994; x_wconf 78' lang='lat' dir='ltr'>legere</span> <span class='ocrx_word' id='word_1_20' title='bbox 553 925 617 978; x_wconf 89' lang='lat' dir='ltr'>est:</span> <span class='ocrx_word' id='word_1_21' title='bbox 640 915 696 978; x_wconf 84' lang='lat' dir='ltr'>llic</span> <span class='ocrx_word' id='word_1_22' title='bbox 717 915 829 996; x_wconf 80' lang='lat' dir='ltr'><strong>Papam</strong></span> <span class='ocrx_word' id='word_1_23' title='bbox 851 917 1039 980; x_wconf 78' lang='lat' dir='ltr'>dnrsrasruu</span> <span class='ocrx_word' id='word_1_24' title='bbox 1061 918 1142 982; x_wconf 89' lang='lat' dir='ltr'>intus</span> 
     </span>
     <span class='ocr_line' id='line_1_5' title="bbox 76 1025 965 1106; baseline -0.001 -17"><span class='ocrx_word' id='word_1_25' title='bbox 76 1052 80 1071; x_wconf 84' lang='grc'><strong><em>·</em></strong></span> <span class='ocrx_word' id='word_1_26' title='bbox 186 1027 293 1099; x_wconf 85' lang='lat' dir='ltr'>Serre,</span> <span class='ocrx_word' id='word_1_27' title='bbox 317 1027 471 1090; x_wconf 75' lang='lat' dir='ltr'>Pitumnus</span> <span class='ocrx_word' id='word_1_28' title='bbox 493 1045 583 1106; x_wconf 86' lang='lat' dir='ltr'>quem</span> <span class='ocrx_word' id='word_1_29' title='bbox 604 1025 711 1088; x_wconf 81' lang='lat' dir='ltr'>avertit</span> <span class='ocrx_word' id='word_1_30' title='bbox 732 1025 851 1090; x_wconf 84' lang='lat' dir='ltr'>tremite</span> <span class='ocrx_word' id='word_1_31' title='bbox 872 1035 965 1088; x_wconf 86' lang='lat' dir='ltr'>recto.</span> 
     </span>
     <span class='ocr_line' id='line_1_6' title="bbox 76 1135 1355 1217; baseline -0.002 -17"><span class='ocrx_word' id='word_1_32' title='bbox 76 1202 79 1215; x_wconf 75' lang='grc'>,</span> <span class='ocrx_word' id='word_1_33' title='bbox 225 1137 313 1200; x_wconf 86' lang='lat' dir='ltr'>Nunc</span> <span class='ocrx_word' id='word_1_34' title='bbox 334 1135 578 1198; x_wconf 85' lang='lat' dir='ltr'>descendendum</span> <span class='ocrx_word' id='word_1_35' title='bbox 600 1143 647 1198; x_wconf 88' lang='lat' dir='ltr'>est</span> <span class='ocrx_word' id='word_1_36' title='bbox 667 1135 768 1209; x_wconf 87' lang='lat' dir='ltr'>tarde,</span> <span class='ocrx_word' id='word_1_37' title='bbox 791 1143 825 1198; x_wconf 93' lang='grc' dir='ltr'>ιιι</span> <span class='ocrx_word' id='word_1_38' title='bbox 844 1137 996 1200; x_wconf 88' lang='lat' dir='ltr'>modicum</span> <span class='ocrx_word' id='word_1_39' title='bbox 1019 1145 1087 1201; x_wconf 89' lang='lat' dir='ltr'>aute</span> <span class='ocrx_word' id='word_1_40' title='bbox 1108 1137 1234 1217; x_wconf 87' lang='lat' dir='ltr'>mephiti</span> <span class='ocrx_word' id='word_1_41' title='bbox 1348 1205 1355 1216; x_wconf 83' lang='lat'>.</span> 
     </span>
     <span class='ocr_line' id='line_1_7' title="bbox 75 1245 940 1331; baseline -0.007 -17"><span class='ocrx_word' id='word_1_42' title='bbox 75 1286 79 1331; x_wconf 82' lang='grc'><strong>,</strong></span> <span class='ocrx_word' id='word_1_43' title='bbox 142 1263 171 1316; x_wconf 83' lang='grc' dir='ltr'>ιι</span> <span class='ocrx_word' id='word_1_44' title='bbox 186 1246 285 1310; x_wconf 80' lang='lat' dir='ltr'>Triste</span> <span class='ocrx_word' id='word_1_45' title='bbox 307 1245 457 1308; x_wconf 77' lang='lat' dir='ltr'>exhalasti</span> <span class='ocrx_word' id='word_1_46' title='bbox 476 1263 586 1308; x_wconf 86' lang='lat' dir='ltr'>seusus</span> <span class='ocrx_word' id='word_1_47' title='bbox 607 1263 784 1309; x_wconf 75' lang='lat' dir='ltr'>assuescere</span> <span class='ocrx_word' id='word_1_48' title='bbox 804 1245 940 1326; x_wconf 87' lang='lat' dir='ltr'>possint·,</span> 
     </span>
     <span class='ocr_line' id='line_1_8' title="bbox 75 1348 1029 1451; baseline -0.002 -33"><span class='ocrx_word' id='word_1_49' title='bbox 75 1348 79 1451; x_wconf 53' lang='lat' dir='ltr'>i</span> <span class='ocrx_word' id='word_1_50' title='bbox 185 1355 260 1419; x_wconf 85' lang='lat' dir='ltr'>Dein</span> <span class='ocrx_word' id='word_1_51' title='bbox 282 1372 443 1436; x_wconf 72' lang='lat' dir='ltr'>pergamus</span> <span class='ocrx_word' id='word_1_52' title='bbox 465 1355 524 1418; x_wconf 81' lang='lat' dir='ltr'>iter</span> <span class='ocrx_word' id='word_1_53' title='bbox 544 1354 656 1418; x_wconf 68' lang='lat' dir='ltr'>secam</span> <span class='ocrx_word' id='word_1_54' title='bbox 698 1355 780 1416; x_wconf 87' lang='lat' dir='ltr'>llaec</span> <span class='ocrx_word' id='word_1_55' title='bbox 801 1373 855 1416; x_wconf 86' lang='lat' dir='ltr'>ore</span> <span class='ocrx_word' id='word_1_56' title='bbox 876 1355 1029 1434; x_wconf 79' lang='lat' dir='ltr'>magister.</span> 
     </span>
    </p>
   </div>
   <div class='ocr_carea' id='block_1_3' title="bbox 70 1463 1167 4513">
    <p class='ocr_par' dir='ltr' id='par_1_3' title="bbox 70 1463 1167 4513">
     <span class='ocr_line' id='line_1_9' title="bbox 184 1463 1164 1547; baseline 0 -19"><span class='ocrx_word' id='word_1_57' title='bbox 184 1465 269 1528; x_wconf 83' lang='lat' dir='ltr'>Tunc</span> <span class='ocrx_word' id='word_1_58' title='bbox 291 1481 363 1543; x_wconf 78' lang='lat' dir='ltr'>ego:</span> <span class='ocrx_word' id='word_1_59' title='bbox 388 1464 506 1538; x_wconf 80' lang='lat' dir='ltr'>Quaere</span> <span class='ocrx_word' id='word_1_60' title='bbox 527 1464 658 1545; x_wconf 89' lang='lat' dir='ltr'>aliquid,</span> <span class='ocrx_word' id='word_1_61' title='bbox 680 1463 757 1536; x_wconf 83' lang='lat' dir='ltr'>diri,</span> <span class='ocrx_word' id='word_1_62' title='bbox 780 1465 861 1545; x_wconf 88' lang='lat' dir='ltr'>quod</span> <span class='ocrx_word' id='word_1_63' title='bbox 883 1466 989 1528; x_wconf 83' lang='lat' dir='ltr'>damna</span> <span class='ocrx_word' id='word_1_64' title='bbox 1011 1467 1164 1547; x_wconf 72' lang='lat' dir='ltr'>rependit,</span> 
     </span>
     <span class='ocr_line' id='line_1_10' title="bbox 75 1564 946 1654; baseline 0 -16"><span class='ocrx_word' id='word_1_65' title='bbox 75 1564 78 1616; x_wconf 72' lang='lat'><strong>²</strong></span> <span class='ocrx_word' id='word_1_66' title='bbox 183 1575 339 1638; x_wconf 85' lang='lat' dir='ltr'>Incassum</span> <span class='ocrx_word' id='word_1_67' title='bbox 360 1591 399 1636; x_wconf 88' lang='lat' dir='ltr'>ne</span> <span class='ocrx_word' id='word_1_68' title='bbox 421 1582 540 1654; x_wconf 83' lang='lat' dir='ltr'>tempus</span> <span class='ocrx_word' id='word_1_69' title='bbox 562 1583 619 1636; x_wconf 82' lang='lat' dir='ltr'>ert.</span> <span class='ocrx_word' id='word_1_70' title='bbox 662 1573 708 1636; x_wconf 77' lang='lat' dir='ltr'>En</span> <span class='ocrx_word' id='word_1_71' title='bbox 729 1573 847 1638; x_wconf 84' lang='lat' dir='ltr'>scilicet</span> <span class='ocrx_word' id='word_1_72' title='bbox 866 1573 946 1638; x_wconf 91' lang='lat' dir='ltr'>istud</span> 
     </span>
     <span class='ocr_line' id='line_1_11' title="bbox 75 1617 1069 1769; baseline -0.002 -21"><span class='ocrx_word' id='word_1_73' title='bbox 75 1617 79 1769; x_wconf 62' lang='lat' dir='ltr'>l</span> <span class='ocrx_word' id='word_1_74' title='bbox 184 1684 435 1757; x_wconf 80' lang='lat' dir='ltr'>Volvelram,.ille</span> <span class='ocrx_word' id='word_1_75' title='bbox 456 1683 570 1764; x_wconf 87' lang='lat' dir='ltr'>inquit,</span> <span class='ocrx_word' id='word_1_76' title='bbox 591 1683 693 1746; x_wconf 86' lang='lat' dir='ltr'>rerbis</span> <span class='ocrx_word' id='word_1_77' title='bbox 715 1692 745 1746; x_wconf 85' lang='lat' dir='ltr'>ct</span> <span class='ocrx_word' id='word_1_78' title='bbox 765 1683 877 1748; x_wconf 83' lang='lat' dir='ltr'>talibus</span> <span class='ocrx_word' id='word_1_79' title='bbox 899 1683 980 1748; x_wconf 84' lang='lat' dir='ltr'>infit:</span> <span class='ocrx_word' id='word_1_80' title='bbox 1062 1668 1069 1684; x_wconf 77' lang='grc'><strong><em>’</em></strong></span> 
     </span>
     <span class='ocr_line' id='line_1_12' title="bbox 75 1792 896 1917; baseline -0.002 -59"><span class='ocrx_word' id='word_1_81' title='bbox 75 1812 78 1917; x_wconf 45' lang='grc' dir='ltr'>ι</span> <span class='ocrx_word' id='word_1_82' title='bbox 141 1805 169 1860; x_wconf 81' lang='lat' dir='ltr'>lt</span> <span class='ocrx_word' id='word_1_83' title='bbox 184 1795 258 1869; x_wconf 79' lang='lat' dir='ltr'>Fili,</span> <span class='ocrx_word' id='word_1_84' title='bbox 283 1792 467 1872; x_wconf 80' lang='lat' dir='ltr'>tergeminos</span> <span class='ocrx_word' id='word_1_85' title='bbox 489 1793 567 1856; x_wconf 86' lang='lat' dir='ltr'>intra</span> <span class='ocrx_word' id='word_1_86' title='bbox 589 1811 660 1856; x_wconf 82' lang='lat' dir='ltr'>sara</span> <span class='ocrx_word' id='word_1_87' title='bbox 683 1792 740 1857; x_wconf 85' lang='lat' dir='ltr'>iste</span> <span class='ocrx_word' id='word_1_88' title='bbox 762 1793 896 1856; x_wconf 86' lang='lat' dir='ltr'>minores</span> 
     </span>
     <span class='ocr_line' id='line_1_13' title="bbox 184 1903 959 1984; baseline -0.003 -16"><span class='ocrx_word' id='word_1_89' title='bbox 184 1907 260 1968; x_wconf 81' lang='lat' dir='ltr'>Esse</span> <span class='ocrx_word' id='word_1_90' title='bbox 283 1903 374 1968; x_wconf 87' lang='lat' dir='ltr'>orbes</span> <span class='ocrx_word' id='word_1_91' title='bbox 393 1903 488 1976; x_wconf 77' lang='grc' dir='ltr'>ιοίιο,</span> <span class='ocrx_word' id='word_1_92' title='bbox 512 1903 782 1984; x_wconf 86' lang='lat' dir='ltr'>decrescentesque</span> <span class='ocrx_word' id='word_1_93' title='bbox 802 1903 959 1982; x_wconf 74' lang='lat' dir='ltr'>gradatim,</span> 
     </span>
     <span class='ocr_line' id='line_1_14' title="bbox 185 2011 1076 2095; baseline -0.001 -18"><span class='ocrx_word' id='word_1_94' title='bbox 185 2015 224 2077; x_wconf 89' lang='lat' dir='ltr'>Ut</span> <span class='ocrx_word' id='word_1_95' title='bbox 245 2033 322 2095; x_wconf 86' lang='lat' dir='ltr'>quoe</span> <span class='ocrx_word' id='word_1_96' title='bbox 344 2031 424 2076; x_wconf 85' lang='lat' dir='ltr'>nunc</span> <span class='ocrx_word' id='word_1_97' title='bbox 443 2013 567 2094; x_wconf 85' lang='lat' dir='ltr'>linquis.</span> <span class='ocrx_word' id='word_1_98' title='bbox 587 2037 591 2044; x_wconf 93' lang='lat'>·</span> <span class='ocrx_word' id='word_1_99' title='bbox 610 2015 687 2077; x_wconf 88' lang='lat' dir='ltr'>Sunt</span> <span class='ocrx_word' id='word_1_100' title='bbox 708 2012 807 2076; x_wconf 88' lang='lat' dir='ltr'>omnia</span> <span class='ocrx_word' id='word_1_101' title='bbox 829 2011 918 2093; x_wconf 88' lang='lat' dir='ltr'>plena</span> <span class='ocrx_word' id='word_1_102' title='bbox 939 2013 1076 2078; x_wconf 79' lang='lat' dir='ltr'>scelcsds</span> 
     </span>
     <span class='ocr_line' id='line_1_15' title="bbox 184 2122 1046 2202; baseline 0 -16"><span class='ocrx_word' id='word_1_103' title='bbox 184 2125 269 2188; x_wconf 85' lang='lat' dir='ltr'>llaec</span> <span class='ocrx_word' id='word_1_104' title='bbox 288 2123 354 2186; x_wconf 86' lang='lat' dir='ltr'>loca</span> <span class='ocrx_word' id='word_1_105' title='bbox 377 2122 542 2197; x_wconf 81' lang='lat' dir='ltr'>damnatis;</span> <span class='ocrx_word' id='word_1_106' title='bbox 564 2141 668 2186; x_wconf 84' lang='lat' dir='ltr'>rerum</span> <span class='ocrx_word' id='word_1_107' title='bbox 688 2131 722 2186; x_wconf 89' lang='lat' dir='ltr'>ut</span> <span class='ocrx_word' id='word_1_108' title='bbox 742 2139 926 2202; x_wconf 75' lang='lat' dir='ltr'>cognoscere</span> <span class='ocrx_word' id='word_1_109' title='bbox 949 2123 1046 2186; x_wconf 84' lang='lat' dir='ltr'>aventi</span> 
     </span>
     <span class='ocr_line' id='line_1_16' title="bbox 186 2233 1029 2314; baseline -0.001 -18"><span class='ocrx_word' id='word_1_110' title='bbox 186 2235 235 2296; x_wconf 90' lang='lat' dir='ltr'>Sit</span> <span class='ocrx_word' id='word_1_111' title='bbox 253 2233 310 2296; x_wconf 87' lang='lat' dir='ltr'>tihi</span> <span class='ocrx_word' id='word_1_112' title='bbox 331 2241 380 2296; x_wconf 88' lang='lat' dir='ltr'>sat</span> <span class='ocrx_word' id='word_1_113' title='bbox 398 2242 538 2314; x_wconf 79' lang='lat' dir='ltr'>spectare</span> <span class='ocrx_word' id='word_1_114' title='bbox 560 2233 671 2305; x_wconf 88' lang='lat' dir='ltr'>semel,</span> <span class='ocrx_word' id='word_1_115' title='bbox 694 2249 774 2296; x_wconf 81' lang='lat' dir='ltr'>num</span> <span class='ocrx_word' id='word_1_116' title='bbox 795 2233 913 2312; x_wconf 81' lang='lat' dir='ltr'>accipe,</span> <span class='ocrx_word' id='word_1_117' title='bbox 936 2251 1029 2312; x_wconf 88' lang='lat' dir='ltr'>quare</span> 
     </span>
     <span class='ocr_line' id='line_1_17' title="bbox 138 2341 997 2426; baseline 0 -22"><span class='ocrx_word' id='word_1_118' title='bbox 138 2347 170 2404; x_wconf 78' lang='lat' dir='ltr'>tl</span> <span class='ocrx_word' id='word_1_119' title='bbox 188 2344 316 2426; x_wconf 84' lang='lat' dir='ltr'>Quoque</span> <span class='ocrx_word' id='word_1_120' title='bbox 336 2343 428 2406; x_wconf 89' lang='lat' dir='ltr'>modo</span> <span class='ocrx_word' id='word_1_121' title='bbox 449 2342 482 2406; x_wconf 83' lang='lat' dir='ltr'>lri</span> <span class='ocrx_word' id='word_1_122' title='bbox 503 2343 602 2423; x_wconf 85' lang='lat' dir='ltr'>pressi</span> <span class='ocrx_word' id='word_1_123' title='bbox 621 2343 750 2424; x_wconf 76' lang='lat' dir='ltr'>jaccant.</span> <span class='ocrx_word' id='word_1_124' title='bbox 793 2342 906 2422; x_wconf 84' lang='lat' dir='ltr'>lcjuria</span> <span class='ocrx_word' id='word_1_125' title='bbox 927 2341 997 2404; x_wconf 84' lang='lat' dir='ltr'>finis</span> 
     </span>
     <span class='ocr_line' id='line_1_18' title="bbox 76 2440 1167 2534; baseline -0.002 -18"><span class='ocrx_word' id='word_1_126' title='bbox 76 2440 80 2528; x_wconf 87' lang='grc' dir='ltr'>Ι</span> <span class='ocrx_word' id='word_1_127' title='bbox 185 2453 343 2534; x_wconf 85' lang='lat' dir='ltr'>Nequitiae</span> <span class='ocrx_word' id='word_1_128' title='bbox 364 2452 542 2532; x_wconf 77' lang='lat' dir='ltr'>omnigenae</span> <span class='ocrx_word' id='word_1_129' title='bbox 565 2461 625 2526; x_wconf 83' lang='lat' dir='ltr'>est,</span> <span class='ocrx_word' id='word_1_130' title='bbox 647 2453 832 2532; x_wconf 78' lang='lat' dir='ltr'>superorum</span> <span class='ocrx_word' id='word_1_131' title='bbox 853 2471 930 2532; x_wconf 87' lang='lat' dir='ltr'>quae</span> <span class='ocrx_word' id='word_1_132' title='bbox 952 2451 1062 2515; x_wconf 87' lang='lat' dir='ltr'>excitat</span> <span class='ocrx_word' id='word_1_133' title='bbox 1082 2452 1167 2516; x_wconf 85' lang='lat' dir='ltr'>iram.</span> 
     </span>
     <span class='ocr_line' id='line_1_19' title="bbox 186 2561 963 2645; baseline 0.001 -20"><span class='ocrx_word' id='word_1_134' title='bbox 186 2563 284 2645; x_wconf 84' lang='lat' dir='ltr'>Hujus</span> <span class='ocrx_word' id='word_1_135' title='bbox 305 2573 337 2625; x_wconf 88' lang='lat' dir='ltr'>et</span> <span class='ocrx_word' id='word_1_136' title='bbox 357 2581 446 2626; x_wconf 83' lang='lat' dir='ltr'>omne</span> <span class='ocrx_word' id='word_1_137' title='bbox 467 2581 562 2642; x_wconf 77' lang='lat' dir='ltr'>genus</span> <span class='ocrx_word' id='word_1_138' title='bbox 582 2561 652 2628; x_wconf 86' lang='lat' dir='ltr'>finis</span> <span class='ocrx_word' id='word_1_139' title='bbox 674 2561 833 2625; x_wconf 72' lang='lat' dir='ltr'>contnstat</span> <span class='ocrx_word' id='word_1_140' title='bbox 853 2581 963 2637; x_wconf 82' lang='lat' dir='ltr'>amara,</span> 
     </span>
     <span class='ocr_line' id='line_1_20' title="bbox 187 2672 1020 2752; baseline -0.002 -16"><span class='ocrx_word' id='word_1_141' title='bbox 187 2675 248 2736; x_wconf 88' lang='lat' dir='ltr'>Seu</span> <span class='ocrx_word' id='word_1_142' title='bbox 269 2673 315 2735; x_wconf 86' lang='lat' dir='ltr'>ris</span> <span class='ocrx_word' id='word_1_143' title='bbox 337 2692 392 2736; x_wconf 89' lang='lat' dir='ltr'>seu</span> <span class='ocrx_word' id='word_1_144' title='bbox 413 2673 495 2736; x_wconf 84' lang='lat' dir='ltr'>lraus</span> <span class='ocrx_word' id='word_1_145' title='bbox 517 2681 579 2746; x_wconf 86' lang='lat' dir='ltr'>est,</span> <span class='ocrx_word' id='word_1_146' title='bbox 601 2672 752 2736; x_wconf 86' lang='lat' dir='ltr'>laesorum</span> <span class='ocrx_word' id='word_1_147' title='bbox 773 2681 896 2752; x_wconf 86' lang='lat' dir='ltr'>pectora</span> <span class='ocrx_word' id='word_1_148' title='bbox 918 2691 1020 2736; x_wconf 77' lang='lat' dir='ltr'>sessu.</span> 
     </span>
     <span class='ocr_line' id='line_1_21' title="bbox 186 2781 1166 2864; baseline -0.002 -18"><span class='ocrx_word' id='word_1_149' title='bbox 186 2783 247 2846; x_wconf 86' lang='lat' dir='ltr'>Sed</span> <span class='ocrx_word' id='word_1_150' title='bbox 270 2783 340 2864; x_wconf 90' lang='lat' dir='ltr'>quia</span> <span class='ocrx_word' id='word_1_151' title='bbox 363 2784 444 2846; x_wconf 81' lang='lat' dir='ltr'>iram</span> <span class='ocrx_word' id='word_1_152' title='bbox 466 2782 588 2864; x_wconf 79' lang='lat' dir='ltr'>prppria</span> <span class='ocrx_word' id='word_1_153' title='bbox 610 2791 658 2846; x_wconf 89' lang='lat' dir='ltr'>est</span> <span class='ocrx_word' id='word_1_154' title='bbox 679 2783 825 2856; x_wconf 87' lang='lat' dir='ltr'>hominis,</span> <span class='ocrx_word' id='word_1_155' title='bbox 848 2783 916 2863; x_wconf 86' lang='lat' dir='ltr'>plus</span> <span class='ocrx_word' id='word_1_156' title='bbox 939 2783 1038 2846; x_wconf 88' lang='lat' dir='ltr'>taedet</span> <span class='ocrx_word' id='word_1_157' title='bbox 1057 2781 1166 2844; x_wconf 84' lang='lat' dir='ltr'>acerbe</span> 
     </span>
     <span class='ocr_line' id='line_1_22' title="bbox 136 2892 935 2973; baseline -0.003 -17"><span class='ocrx_word' id='word_1_158' title='bbox 136 2901 168 2956; x_wconf 77' lang='lat' dir='ltr'>tt</span> <span class='ocrx_word' id='word_1_159' title='bbox 185 2893 312 2956; x_wconf 83' lang='lat' dir='ltr'>Numen.</span> <span class='ocrx_word' id='word_1_160' title='bbox 354 2893 518 2973; x_wconf 82' lang='lat' dir='ltr'>Propterea</span> <span class='ocrx_word' id='word_1_161' title='bbox 538 2892 680 2956; x_wconf 85' lang='lat' dir='ltr'>labuntur</span> <span class='ocrx_word' id='word_1_162' title='bbox 701 2893 733 2954; x_wconf 87' lang='lat' dir='ltr'>in</span> <span class='ocrx_word' id='word_1_163' title='bbox 754 2893 815 2954; x_wconf 84' lang='lat' dir='ltr'>ima</span> <span class='ocrx_word' id='word_1_164' title='bbox 835 2892 935 2954; x_wconf 87' lang='lat' dir='ltr'>dolosi</span> 
     </span>
     <span class='ocr_line' id='line_1_23' title="bbox 186 3001 948 3084; baseline 0.001 -21"><span class='ocrx_word' id='word_1_165' title='bbox 186 3001 326 3075; x_wconf 82' lang='lat' dir='ltr'>Tartara,</span> <span class='ocrx_word' id='word_1_166' title='bbox 347 3021 574 3084; x_wconf 71' lang='lat' dir='ltr'>pecuniamque</span> <span class='ocrx_word' id='word_1_167' title='bbox 595 3002 656 3065; x_wconf 91' lang='lat' dir='ltr'>illis</span> <span class='ocrx_word' id='word_1_168' title='bbox 679 3002 830 3066; x_wconf 88' lang='lat' dir='ltr'>crudelior</span> <span class='ocrx_word' id='word_1_169' title='bbox 851 3001 948 3064; x_wconf 83' lang='lat' dir='ltr'>imber</span> 
     </span>
     <span class='ocr_line' id='line_1_24' title="bbox 185 3110 946 3192; baseline -0.003 -18"><span class='ocrx_word' id='word_1_170' title='bbox 185 3113 311 3192; x_wconf 77' lang='lat' dir='ltr'>ingruit</span> <span class='ocrx_word' id='word_1_171' title='bbox 353 3114 392 3175; x_wconf 79' lang='lat' dir='ltr'>nt</span> <span class='ocrx_word' id='word_1_172' title='bbox 411 3111 527 3192; x_wconf 88' lang='lat' dir='ltr'>primus</span> <span class='ocrx_word' id='word_1_173' title='bbox 547 3111 696 3176; x_wconf 78' lang='lat' dir='ltr'>violentos</span> <span class='ocrx_word' id='word_1_174' title='bbox 717 3111 842 3175; x_wconf 85' lang='lat' dir='ltr'>distinet</span> <span class='ocrx_word' id='word_1_175' title='bbox 863 3110 946 3174; x_wconf 88' lang='lat' dir='ltr'>orbis</span> 
     </span>
     <span class='ocr_line' id='line_1_25' title="bbox 73 3220 920 3303; baseline -0.002 -19"><span class='ocrx_word' id='word_1_176' title='bbox 73 3268 75 3299; x_wconf 78' lang='lat'>,</span> <span class='ocrx_word' id='word_1_177' title='bbox 187 3221 299 3297; x_wconf 84' lang='lat' dir='ltr'>&#39;l&#39;otus;</span> <span class='ocrx_word' id='word_1_178' title='bbox 322 3221 376 3286; x_wconf 88' lang='lat' dir='ltr'>sed</span> <span class='ocrx_word' id='word_1_179' title='bbox 398 3222 468 3302; x_wconf 89' lang='lat' dir='ltr'>quia</span> <span class='ocrx_word' id='word_1_180' title='bbox 491 3223 567 3285; x_wconf 86' lang='lat' dir='ltr'>lortc</span> <span class='ocrx_word' id='word_1_181' title='bbox 589 3230 691 3303; x_wconf 87' lang='lat' dir='ltr'>potest</span> <span class='ocrx_word' id='word_1_182' title='bbox 711 3221 793 3284; x_wconf 89' lang='lat' dir='ltr'>illata</span> <span class='ocrx_word' id='word_1_183' title='bbox 812 3220 920 3286; x_wconf 86' lang='lat' dir='ltr'>relerri</span> 
     </span>
     <span class='ocr_line' id='line_1_26' title="bbox 73 3331 968 3412; baseline -0.002 -18"><span class='ocrx_word' id='word_1_184' title='bbox 73 3366 75 3379; x_wconf 80' lang='lat'><em>=</em></span> <span class='ocrx_word' id='word_1_185' title='bbox 186 3331 239 3394; x_wconf 80' lang='lat' dir='ltr'>Vis</span> <span class='ocrx_word' id='word_1_186' title='bbox 261 3332 298 3394; x_wconf 91' lang='lat' dir='ltr'>ad</span> <span class='ocrx_word' id='word_1_187' title='bbox 319 3344 402 3405; x_wconf 86' lang='lat' dir='ltr'>tres,</span> <span class='ocrx_word' id='word_1_188' title='bbox 426 3342 529 3394; x_wconf 87' lang='lat' dir='ltr'>ternos</span> <span class='ocrx_word' id='word_1_189' title='bbox 550 3333 580 3394; x_wconf 91' lang='lat' dir='ltr'>in</span> <span class='ocrx_word' id='word_1_190' title='bbox 602 3333 700 3396; x_wconf 89' lang='lat' dir='ltr'>circos</span> <span class='ocrx_word' id='word_1_191' title='bbox 721 3339 826 3412; x_wconf 87' lang='lat' dir='ltr'>septus</span> <span class='ocrx_word' id='word_1_192' title='bbox 848 3340 878 3394; x_wconf 91' lang='lat' dir='ltr'>et</span> <span class='ocrx_word' id='word_1_193' title='bbox 898 3339 968 3412; x_wconf 88' lang='lat' dir='ltr'>apte</span> 
     </span>
     <span class='ocr_line' id='line_1_27' title="bbox 138 3440 1043 3522; baseline -0.001 -20"><span class='ocrx_word' id='word_1_194' title='bbox 138 3449 171 3502; x_wconf 80' lang='lat' dir='ltr'>td</span> <span class='ocrx_word' id='word_1_195' title='bbox 187 3443 364 3506; x_wconf 79' lang='lat' dir='ltr'>Exstructus</span> <span class='ocrx_word' id='word_1_196' title='bbox 385 3441 453 3504; x_wconf 84' lang='lat' dir='ltr'>luit</span> <span class='ocrx_word' id='word_1_197' title='bbox 497 3441 531 3504; x_wconf 88' lang='grc' dir='ltr'>Ιιι</span> <span class='ocrx_word' id='word_1_198' title='bbox 552 3460 655 3522; x_wconf 75' lang='lat' dir='ltr'>regem</span> <span class='ocrx_word' id='word_1_199' title='bbox 676 3440 891 3521; x_wconf 86' lang='lat' dir='ltr'>omnipotentis</span> <span class='ocrx_word' id='word_1_200' title='bbox 914 3441 1043 3521; x_wconf 77' lang='lat' dir='ltr'>Olympi,</span> 
     </span>
     <span class='ocr_line' id='line_1_28' title="bbox 125 3549 1051 3632; baseline 0.001 -19"><span class='ocrx_word' id='word_1_201' title='bbox 125 3568 129 3576; x_wconf 92' lang='lat'>·</span> <span class='ocrx_word' id='word_1_202' title='bbox 186 3552 222 3614; x_wconf 91' lang='lat' dir='ltr'>ln</span> <span class='ocrx_word' id='word_1_203' title='bbox 243 3569 278 3614; x_wconf 90' lang='lat' dir='ltr'>sc</span> <span class='ocrx_word' id='word_1_204' title='bbox 301 3551 414 3630; x_wconf 85' lang='lat' dir='ltr'>iperun,</span> <span class='ocrx_word' id='word_1_205' title='bbox 437 3549 528 3632; x_wconf 81' lang='lat' dir='ltr'>impie</span> <span class='ocrx_word' id='word_1_206' title='bbox 551 3551 610 3613; x_wconf 87' lang='lat' dir='ltr'>sihi</span> <span class='ocrx_word' id='word_1_207' title='bbox 632 3552 747 3616; x_wconf 89' lang='lat' dir='ltr'>similes</span> <span class='ocrx_word' id='word_1_208' title='bbox 768 3551 923 3628; x_wconf 62' lang='lat' dir='ltr'>insurgere</span> <span class='ocrx_word' id='word_1_209' title='bbox 945 3559 1051 3632; x_wconf 89' lang='lat' dir='ltr'>posset</span> 
     </span>
     <span class='ocr_line' id='line_1_29' title="bbox 72 3640 1160 3742; baseline 0.001 -21"><span class='ocrx_word' id='word_1_210' title='bbox 72 3640 75 3721; x_wconf 83' lang='lat' dir='ltr'>i</span> <span class='ocrx_word' id='word_1_211' title='bbox 186 3661 221 3723; x_wconf 82' lang='lat' dir='ltr'>vi</span> <span class='ocrx_word' id='word_1_212' title='bbox 244 3661 416 3742; x_wconf 89' lang='lat' dir='ltr'>quisquam,</span> <span class='ocrx_word' id='word_1_213' title='bbox 439 3661 507 3724; x_wconf 88' lang='lat' dir='ltr'>dico</span> <span class='ocrx_word' id='word_1_214' title='bbox 530 3661 561 3724; x_wconf 91' lang='lat' dir='ltr'>in</span> <span class='ocrx_word' id='word_1_215' title='bbox 584 3670 674 3741; x_wconf 89' lang='lat' dir='ltr'>caput</span> <span class='ocrx_word' id='word_1_216' title='bbox 694 3663 818 3734; x_wconf 82' lang='lat' dir='ltr'>horum,</span> <span class='ocrx_word' id='word_1_217' title='bbox 840 3679 949 3741; x_wconf 89' lang='lat' dir='ltr'>resque</span> <span class='ocrx_word' id='word_1_218' title='bbox 970 3661 1160 3741; x_wconf 88' lang='lat' dir='ltr'>domumque,</span> 
     </span>
     <span class='ocr_line' id='line_1_30' title="bbox 72 3762 951 3844; baseline -0.002 -10"><span class='ocrx_word' id='word_1_219' title='bbox 72 3762 75 3795; x_wconf 74' lang='lat'><em>³</em></span> <span class='ocrx_word' id='word_1_220' title='bbox 187 3771 225 3834; x_wconf 88' lang='lat' dir='ltr'>Ut</span> <span class='ocrx_word' id='word_1_221' title='bbox 246 3780 292 3842; x_wconf 88' lang='lat' dir='ltr'>te,</span> <span class='ocrx_word' id='word_1_222' title='bbox 317 3771 343 3831; x_wconf 92' lang='lat' dir='ltr'>si</span> <span class='ocrx_word' id='word_1_223' title='bbox 365 3771 517 3844; x_wconf 84' lang='lat' dir='ltr'>advertas,</span> <span class='ocrx_word' id='word_1_224' title='bbox 541 3771 617 3834; x_wconf 89' lang='lat' dir='ltr'>ratic</span> <span class='ocrx_word' id='word_1_225' title='bbox 639 3773 798 3834; x_wconf 77' lang='lat' dir='ltr'>macilenta</span> <span class='ocrx_word' id='word_1_226' title='bbox 820 3770 951 3834; x_wconf 90' lang='lat' dir='ltr'>docebit.</span> 
     </span>
     <span class='ocr_line' id='line_1_31' title="bbox 230 3879 1040 3962; baseline 0 -20"><span class='ocrx_word' id='word_1_227' title='bbox 230 3881 311 3942; x_wconf 70' lang='lat' dir='ltr'>llere</span> <span class='ocrx_word' id='word_1_228' title='bbox 333 3879 412 3942; x_wconf 83' lang='lat' dir='ltr'>solet</span> <span class='ocrx_word' id='word_1_229' title='bbox 433 3881 537 3946; x_wconf 86' lang='lat' dir='ltr'>inlerri</span> <span class='ocrx_word' id='word_1_230' title='bbox 560 3901 616 3962; x_wconf 90' lang='lat' dir='ltr'>per</span> <span class='ocrx_word' id='word_1_231' title='bbox 634 3881 711 3954; x_wconf 86' lang='lat' dir='ltr'>rim,</span> <span class='ocrx_word' id='word_1_232' title='bbox 734 3901 790 3962; x_wconf 87' lang='lat' dir='ltr'>per</span> <span class='ocrx_word' id='word_1_233' title='bbox 808 3881 930 3944; x_wconf 85' lang='lat' dir='ltr'>vulnera</span> <span class='ocrx_word' id='word_1_234' title='bbox 952 3899 1040 3944; x_wconf 85' lang='lat' dir='ltr'>saera</span> 
     </span>
     <span class='ocr_line' id='line_1_32' title="bbox 71 3956 970 4087; baseline 0.002 -35"><span class='ocrx_word' id='word_1_235' title='bbox 71 3956 74 4087; x_wconf 48' lang='lat' dir='ltr'>f</span> <span class='ocrx_word' id='word_1_236' title='bbox 136 3999 169 4052; x_wconf 75' lang='lat'>³5</span> <span class='ocrx_word' id='word_1_237' title='bbox 189 3990 286 4063; x_wconf 71' lang='lat' dir='ltr'>Vitaer</span> <span class='ocrx_word' id='word_1_238' title='bbox 308 3991 437 4054; x_wconf 76' lang='lat' dir='ltr'>lomunle</span> <span class='ocrx_word' id='word_1_239' title='bbox 459 4011 515 4072; x_wconf 89' lang='lat' dir='ltr'>per</span> <span class='ocrx_word' id='word_1_240' title='bbox 536 3991 665 4067; x_wconf 88' lang='lat' dir='ltr'>cladem,</span> <span class='ocrx_word' id='word_1_241' title='bbox 689 3992 843 4066; x_wconf 87' lang='lat' dir='ltr'>incendia,</span> <span class='ocrx_word' id='word_1_242' title='bbox 866 4000 970 4071; x_wconf 85' lang='lat' dir='ltr'>raptus</span> 
     </span>
     <span class='ocr_line' id='line_1_33' title="bbox 71 4090 1010 4197; baseline 0 -33"><span class='ocrx_word' id='word_1_243' title='bbox 71 4090 74 4197; x_wconf 71' lang='lat' dir='ltr'>i</span> <span class='ocrx_word' id='word_1_244' title='bbox 187 4101 301 4164; x_wconf 74' lang='lat' dir='ltr'>damna</span> <span class='ocrx_word' id='word_1_245' title='bbox 322 4100 503 4179; x_wconf 75' lang='lat' dir='ltr'>indigentes.</span> <span class='ocrx_word' id='word_1_246' title='bbox 548 4103 647 4176; x_wconf 81' lang='lat' dir='ltr'>Quare</span> <span class='ocrx_word' id='word_1_247' title='bbox 669 4101 720 4182; x_wconf 90' lang='lat' dir='ltr'>qui</span> <span class='ocrx_word' id='word_1_248' title='bbox 742 4119 869 4182; x_wconf 81' lang='lat' dir='ltr'>corpora</span> <span class='ocrx_word' id='word_1_249' title='bbox 889 4109 1010 4172; x_wconf 83' lang='lat' dir='ltr'>mactat,</span> 
     </span>
     <span class='ocr_line' id='line_1_34' title="bbox 71 4202 1025 4293; baseline 0.002 -21"><span class='ocrx_word' id='word_1_250' title='bbox 71 4202 74 4279; x_wconf 75' lang='grc' dir='ltr'>ἶ</span> <span class='ocrx_word' id='word_1_251' title='bbox 189 4211 308 4291; x_wconf 78' lang='lat' dir='ltr'>Quique</span> <span class='ocrx_word' id='word_1_252' title='bbox 330 4211 413 4274; x_wconf 79' lang='lat' dir='ltr'>lem</span> <span class='ocrx_word' id='word_1_253' title='bbox 436 4211 550 4284; x_wconf 84' lang='lat' dir='ltr'>caedit,</span> <span class='ocrx_word' id='word_1_254' title='bbox 573 4211 748 4293; x_wconf 90' lang='lat' dir='ltr'>populator,</span> <span class='ocrx_word' id='word_1_255' title='bbox 773 4220 899 4275; x_wconf 83' lang='lat' dir='ltr'>ouustm</span> <span class='ocrx_word' id='word_1_256' title='bbox 922 4211 1025 4274; x_wconf 76' lang='lat' dir='ltr'>ubeda</span> 
     </span>
     <span class='ocr_line' id='line_1_35' title="bbox 71 4319 1016 4401; baseline 0.003 -20"><span class='ocrx_word' id='word_1_257' title='bbox 71 4340 73 4358; x_wconf 78' lang='lat'><strong>¹</strong></span> <span class='ocrx_word' id='word_1_258' title='bbox 189 4319 247 4394; x_wconf 86' lang='lat' dir='ltr'>Qui</span> <span class='ocrx_word' id='word_1_259' title='bbox 269 4321 398 4383; x_wconf 82' lang='lat' dir='ltr'>exsultat</span> <span class='ocrx_word' id='word_1_260' title='bbox 418 4321 545 4401; x_wconf 84' lang='lat' dir='ltr'>praeda,</span> <span class='ocrx_word' id='word_1_261' title='bbox 568 4321 667 4384; x_wconf 90' lang='lat' dir='ltr'>cuncti</span> <span class='ocrx_word' id='word_1_262' title='bbox 691 4331 868 4401; x_wconf 83' lang='lat' dir='ltr'>torquentur</span> <span class='ocrx_word' id='word_1_263' title='bbox 889 4322 920 4384; x_wconf 91' lang='lat' dir='ltr'>in</span> <span class='ocrx_word' id='word_1_264' title='bbox 941 4321 1016 4384; x_wconf 83' lang='lat' dir='ltr'>orbe</span> 
     </span>
     <span class='ocr_line' id='line_1_36' title="bbox 70 4406 1021 4513; baseline 0 -22"><span class='ocrx_word' id='word_1_265' title='bbox 70 4406 73 4499; x_wconf 79' lang='grc' dir='ltr'><strong>ἱ</strong></span> <span class='ocrx_word' id='word_1_266' title='bbox 187 4429 304 4504; x_wconf 72' lang='lat' dir='ltr'>rom,</span> <span class='ocrx_word' id='word_1_267' title='bbox 328 4430 438 4510; x_wconf 62' lang='lat' dir='ltr'>ogau</span> <span class='ocrx_word' id='word_1_268' title='bbox 460 4431 491 4493; x_wconf 75' lang='lat' dir='ltr'>in</span> <span class='ocrx_word' id='word_1_269' title='bbox 514 4431 642 4506; x_wconf 63' lang='lat' dir='ltr'>aisse,</span> <span class='ocrx_word' id='word_1_270' title='bbox 665 4441 696 4494; x_wconf 69' lang='lat' dir='ltr'>or</span> <span class='ocrx_word' id='word_1_271' title='bbox 717 4431 831 4494; x_wconf 69' lang='lat' dir='ltr'>coen</span> <span class='ocrx_word' id='word_1_272' title='bbox 851 4451 904 4495; x_wconf 70' lang='lat' dir='ltr'>sua</span> <span class='ocrx_word' id='word_1_273' title='bbox 926 4441 1021 4513; x_wconf 68' lang='lat' dir='ltr'>epe.</span> 
     </span>
    </p>
   </div>
   <div class='ocr_carea' id='block_1_4' title="bbox 0 0 1566 5170">
    <p class='ocr_par' dir='ltr' id='par_1_4' title="bbox 0 0 1566 5170">
     <span class='ocr_line' id='line_1_37' title="bbox 0 0 1566 5170; baseline 0 2"><span class='ocrx_word' id='word_1_274' title='bbox 0 0 1566 5170; x_wconf 95' lang='lat' dir='ltr'> </span> 
     </span>
    </p>
   </div>
  </div>
 </body>
</html>
