3144 5164
194 311 199 314 .
286 359 347 422 ate
722 361 856 410 estuaret
875 361 973 411 xtvrn

1028 453 1078 460 ,ἡ
1087 453 1173 460 ...Μ
1461 420 1464 463 l

350 578 520 654 Neglectam
544 597 561 638 a
583 587 692 651 veruo,
716 595 792 658 quae
814 586 950 657 estpars
972 579 1145 652 centesima,
1167 589 1284 660 partem

349 689 490 761 Caesare,
514 689 560 749 sic
581 687 671 749 orbes
694 705 821 767 superos
843 687 942 766 rugire
963 687 1090 748 ridebis.

350 797 425 860 Nam
447 805 617 878 exspectata
640 796 691 858 diu
712 815 830 876 puppes
852 798 971 858 senuna
991 795 1133 870 revolvet,

286 919 335 972 lau
352 907 439 970 Stant
460 907 510 968 ubi
532 923 612 967 nuno
633 925 749 986 prorae,
773 915 802 968 et
824 905 930 968 classis
952 907 1063 968 directa
1087 906 1217 984 lereturq

351 1016 445 1079 Verus
468 1025 499 1078 et
518 1025 655 1096 erumpet
675 1025 746 1096 post
766 1017 871 1078 florem
894 1035 929 1078 cx
950 1017 1055 1078 arbore
1078 1017 1201 1079 tructus.

816 1212 960 1359 XXl'lll·

395 1455 594 1534 Posteaquam
617 1454 749 1516 ostendit
768 1454 927 1516 manifesto
948 1453 1061 1516 lumine
1082 1474 1161 1528 vere,

355 1564 480 1640 Qualem
501 1582 581 1626 nunc
602 1563 714 1642 agitent
734 1563 868 1624 mortalia
890 1571 1013 1642 pectora
1033 1565 1132 1638 ritem,

356 1674 439 1749 Quae
461 1655 534 1734 la'eit
557 1693 590 1736 ex
613 1673 695 1734 omni
717 1672 825 1734 mulier
845 1691 893 1734 me
915 1683 999 1753 parte
1020 1673 1158 1748 beatum3

357 1784 393 1845 Ut
414 1783 562 1844 llammam
584 1782 665 1844 ridet
686 1783 840 1845 incensam
863 1782 1057 1863 quadruplice
1078 1783 1196 1864 lychno,

321 1893 415 1968 oQui
437 1892 592 1973 speculum
615 1892 765 1974 inspiciat,
788 1911 845 1974 pos
868 1903 982 1972 tergum
1004 1892 1070 1956 luce
1092 1893 1231 1968 micante,

354 2004 432 2066 Ante
453 2003 530 2063 hanc
553 2020 641 2081 quam
662 2003 761 2082 possit
782 2002 869 2064 oculo
891 2004 938 2094 vel
960 2011 1059 2066 mente
1080 2003 1167 2074 tueri,

355 2115 451 2192 Atque
473 2112 510 2186 ia,
532 2113 660 2185 visurae,
683 2131 755 2174 num
775 2113 882 2174 vitrum
903 2131 971 2174 vera
993 2121 1135 2194 reportet,

356 2223 491 2304 Respicit
513 2231 602 2303 atque
623 2223 771 2302 utrimque
791 2222 873 2284 videt
894 2222 953 2284 sibi
975 2239 1107 2302 congnta
1128 2233 1243 2298 cuncta,

357 2333 395 2395 Ut
416 2341 511 2395 metro
533 2350 704 2394 numerum:
726 2332 851 2394 memori
874 2333 917 2394 sic
939 2339 1038 2394 mente
1058 2341 1200 2413 repostus

310 2449 341 2501 ιο
359 2444 425 2506 Stat
445 2442 519 2504 mihi
542 2449 700 2522 suspectus
722 2441 856 2521 pulchris
879 2442 910 2503 in
932 2441 1049 2504 lucibus
1071 2441 1207 2516 haerens,

359 2553 402 2616 lle
425 2552 532 2634 quibus
555 2551 714 2614 insidiatus
737 2569 822 2612 amor
841 2550 915 2612 milri
937 2551 1054 2614 vincula
1077 2551 1158 2614 lecit.

359 2661 456 2741 thue
479 2677 534 2737 ego
557 2660 686 2740 respexi,
708 2671 796 2739 atque
818 2661 877 2722 mei
899 2661 972 2722 milri
994 2661 1106 2723 lumine
1129 2662 1211 2724 risus

360 2771 505 2848 attigerat
526 2771 644 2848 species
666 2770 814 2851 descripta
836 2770 986 2834 volumine
1008 2772 1039 2832 in
1061 2771 1122 2844 illo,

361 2882 436 2942 Sese
458 2879 539 2942 acies
562 2879 641 2940 oculi
662 2881 779 2959 quoties
802 2880 963 2942 intenderit
983 2879 1062 2952 illue,

313 2994 344 3048 15
361 2990 489 3070 adspexi
513 2997 655 3069 punctum
677 2988 797 3050 radians
820 2989 859 3052 ita
881 2989 993 3050 lumine
1015 2997 1111 3063 acuto,

362 3100 400 3162 Ut
421 3100 462 3160 sit
482 3098 620 3160 claudere
643 3117 728 3178 opus,
751 3099 934 3160 vehementis
957 3099 1095 3162 acumine
1115 3100 1191 3164 lucis

364 3209 447 3284 Quos
471 3209 565 3280 ardet,
587 3209 681 3270 visus.¹
723 3207 761 3269 Et
782 3210 862 3288 quod
885 3217 1006 3270 nostrae
1028 3209 1125 3270 incola
1148 3217 1245 3274 terme

364 3319 506 3380 Cerneret
527 3319 598 3380 hinc
619 3317 775 3380 minimum
797 3319 890 3392 sidus,
913 3319 1003 3399 pleno
1025 3317 1099 3382 orbe
1120 3319 1271 3400 rettulgens

363 3428 467 3490 Lunae
489 3436 571 3490 esset
591 3427 696 3502 moles,
718 3428 745 3489 si
767 3428 825 3489 hoc
845 3437 970 3509 propter
991 3429 1067 3492 sorte
1087 3429 1209 3505 locetur,

314 3543 347 3594 att
364 3538 402 3600 Ut
424 3537 507 3600 sidus
529 3547 653 3618 propter
673 3538 767 3599 sidua.
809 3539 876 3600 Non
897 3539 1014 3616 longius
1036 3539 1155 3612 absens,

366 3648 463 3720 Quam
485 3647 534 3726 qui
556 3648 722 3727 praecingit
741 3646 848 3722 lucem,
870 3667 927 3728 qua
949 3648 1089 3728 pingitur,
1112 3649 1189 3723 halo,

366 3757 440 3819 Cum
461 3774 563 3836 vapor,
585 3758 664 3819 unde
686 3759 787 3830 oritur,
811 3760 845 3819 lit
866 3758 1012 3832 crassior3
1035 3758 1141 3838 ignem
1162 3760 1234 3822 illud

366 3867 512 3929 Punctum
536 3885 568 3927 se
591 3867 703 3928 circum
725 3877 805 3930 tanto
828 3867 938 3947 impete
961 3869 1069 3930 circius
1091 3870 1205 3948 agebat,

368 3976 529 4046 Omniaut
549 3974 732 4056 amplectens
755 3995 842 4056 quarn
862 3977 1070 4040 velocissimus
1092 3978 1176 4041 orbis

317 4095 350 4150 25
368 4086 496 4148 Tardior
516 4094 598 4146 esset
618 4085 655 4146 ad
677 4085 757 4146 hamc
779 4093 870 4148 motu.
914 4087 1122 4150 Circumdabat
1143 4089 1242 4169 ipsum

368 4195 457 4268 Alter,
480 4195 586 4257 tertius
608 4195 706 4268 laune3
729 4193 799 4256 dein
822 4205 927 4275 quarm
949 4196 1065 4271 tertius,
1088 4198 1146 4260 iste

368 4303 488 4378 Quinto,
513 4313 573 4366 tum
596 4313 679 4366 sexto
703 4305 824 4386 quintus
846 4305 1045 4370 circumdatus
1066 4307 1137 4370 ibat.
