3142 5166
580 471 760 524 PURGATORH
779 473 809 522 tt.

136 699 179 750 lau
196 687 270 750 Nam
293 688 450 769 qualisque
472 697 503 750 et
521 697 631 768 quanta
652 691 723 760 tuit,
746 709 835 770 quam
857 692 1050 770 legeratitle,

196 797 300 859 Planta
323 797 459 871 humilis,
484 797 613 879 talisque
636 807 666 860 et
687 808 768 863 tanta
791 809 838 862 est
857 801 920 862 visa
942 820 1060 866 renasci

196 906 293 970 liioet.
318 908 408 988 inque
431 907 498 970 ioco
520 909 633 988 pariter
655 910 769 990 posita,
791 910 871 974 unde
892 912 1010 974 rertdsa
1033 923 1089 976 sat.

239 1345 305 1408 Jam
328 1346 399 1409 Sole
421 1345 555 1420 albebat,
580 1347 683 1427 quiin
703 1347 794 1427 piano
819 1349 956 1410 terminat
977 1349 1097 1414 aethrae

198 1455 394 1536 Prospectum
417 1455 542 1526 circms,
566 1457 614 1517 cui
637 1456 687 1536 qui
710 1475 802 1537 super
823 1457 957 1520 imminet
977 1477 1071 1540 aeque

198 1565 290 1639 Hinc,
314 1565 382 1628 inde
404 1566 435 1626 in
457 1565 572 1639 madio,
595 1583 653 1646 qua
676 1584 745 1628 sese
767 1562 931 1628 altissimus
953 1569 1049 1641 effert,

197 1673 307 1737 Urbem
330 1675 428 1755 operit
449 1675 616 1754 Solymum,
638 1682 725 1756 atque
746 1676 826 1749 riae,
850 1695 926 1756 quae
948 1677 1068 1740 conficit
1089 1676 1192 1741 orbem

94 1861 99 1870 ι
164 1784 285 1850 dParte
307 1783 363 1846 sub
385 1784 538 1864 opposita,
562 1803 623 1846 nox
643 1785 819 1864 assurgebat
839 1785 876 1848 ab
899 1786 986 1848 undis

197 1892 322 1972 Gangis,
345 1901 542 1973 praeponam
564 1902 691 1975 aequato
713 1895 846 1973 pondere
867 1894 970 1959 lancea

196 2003 306 2064 Bostra
327 2002 498 2082 elapsurus,
521 2003 610 2066 simul
633 2022 668 2066 ac
689 2022 851 2084 properare
872 2004 1004 2068 laboret:

198 2111 299 2184 Quare
321 2111 480 2175 candidulo
502 2131 652 2194 roseoque
673 2114 818 2194 adspersa
840 2115 941 2176 colore

198 2219 328 2283 Pulchra
348 2224 463 2284 Aurora
484 2239 592 2300 genas,
614 2223 644 2285 in
667 2242 725 2303 qua
747 2224 870 2300 regione
891 2223 1039 2299 morabar,

151 2339 181 2394 ro
196 2330 291 2392 Lutea
314 2331 405 2394 debat
426 2333 519 2394 nurus
538 2333 601 2414 jam
623 2332 761 2410 languida
783 2333 820 2396 ab
843 2351 925 2396 aero.

240 2439 315 2502 Cum
337 2441 412 2504 duce
433 2441 531 2504 adhuc
552 2442 632 2504 ibam
653 2453 778 2524 propter
797 2444 871 2504 rada
894 2442 1011 2505 caerula
1033 2444 1126 2523 ponti,

197 2549 237 2612 Ut
257 2567 345 2628 gens,
369 2569 444 2630 quae
467 2552 626 2614 meditatur
646 2553 718 2626 iter,
741 2552 799 2616 sibi
821 2553 911 2615 corde
932 2553 1032 2616 volare
1092 2555 1094 2560 ’

199 2661 283 2734 Visa,
305 2679 422 2740 suoque
443 2679 559 2722 moram
581 2680 641 2722 non
663 2662 775 2742 rumpit
796 2681 939 2743 corpore;
962 2672 992 2725 et
1013 2681 1084 2726 acce

199 2769 307 2843 Qualia
325 2769 389 2850 jam
410 2771 562 2834 exoriente
584 2771 640 2834 die·
655 2771 841 2852 splendentia
863 2772 965 2836 Martis

153 2879 272 2958 151gne
292 2879 401 2942 rubent
422 2879 501 2943 inter
521 2880 664 2943 densatos
686 2900 738 2943 ora
761 2900 887 2962 vapores

199 2989 261 3052 Axe
283 2988 339 3050 sub
362 2988 509 3069 Hesperio
530 2989 636 3070 liquidi
658 3008 749 3070 super
769 3011 900 3073 aequora
921 2992 1022 3072 pontia
1127 3057 1129 3064 ,

201 3096 273 3160 Tale
294 3098 368 3160 mihi
389 3098 489 3162 lumen
511 3100 568 3170 (sic
589 3099 647 3162 hoo
669 3109 806 3181 spectare
828 3102 953 3164 incultas

200 3209 245 3272 Sit
265 3205 400 3285 rursusi)
422 3210 518 3271 visum
540 3217 588 3272 est
609 3210 792 3273 adscendere
815 3229 870 3291 par
890 3229 972 3274 mare
994 3229 1085 3274 cursu

200 3319 274 3380 Tam
296 3317 371 3392 cito,
394 3327 426 3381 ut
447 3317 560 3380 alarum
583 3338 644 3381 non
666 3319 758 3382 ullum
781 3339 910 3401 aequare
931 3321 1058 3384 votando

150 3437 183 3490 ao
199 3428 364 3507 Remigium
386 3428 492 3490 valeat.
536 3429 609 3492 Cum
631 3429 713 3492 viam
735 3431 805 3494 inde
825 3449 988 3512 parumper

198 3537 381 3607 i'lexissem,
404 3538 501 3600 donee
522 3539 675 3602 doctorem
699 3557 793 3620 pauca
815 3557 960 3619 rogarem,

198 3647 264 3709 Hoc
285 3647 399 3725 irrigare
421 3649 516 3727 magis
537 3649 611 3722 ridi,
634 3649 857 3712 increbrescere
879 3649 990 3730 majus:

199 3757 273 3820 Itein
296 3757 380 3821 stetit
400 3765 468 3820 aute
490 3757 611 3831 oculos,
632 3758 739 3840 jubare
761 3759 891 3839 undique
914 3759 1104 3832 circumfuso,

198 3865 265 3930 sthi
287 3867 422 3946 ignotum
445 3867 570 3954 aliquid,
593 3869 766 3950 sensimque
787 3869 868 3932 exire
888 3869 1025 3932 sideham

147 3987 181 4042 2¹5
198 3977 275 4040 Huic
296 3975 438 4057 quiddam
460 3977 559 4040 simile
582 3978 719 4042 interius.
742 4011 784 4024 ·-
805 3979 871 4042 Dux
890 3979 1035 4042 hactenus
1060 3997 1112 4041 ore

199 4087 363 4158 Conticuit,
386 4087 483 4149 donec
504 4087 592 4150 nobis
613 4087 709 4168 prima
732 4087 799 4150 alba
820 4087 964 4150 ridendas

198 4196 366 4260 Ostendam
388 4195 468 4272 alem
489 4198 544 4260 sed
567 4196 617 4259 ulai
639 4197 715 4260 bene
736 4199 834 4262 nanta
857 4217 962 4262 cursus

196 4307 317 4370 Arbiter
338 4306 409 4368 hnic
430 4306 544 4387 patuit,
566 4307 697 4370 clamans
720 4316 767 4370 eat
788 4308 857 4374 talia
880 4307 974 4370 satos:

196 4417 272 4490 Fae,
296 4417 344 4478 iac
365 4423 525 4497 utromque
546 4435 623 4496 genu
644 4417 763 4492 ductas,
786 4436 821 4480 ac
839 4416 957 4498 jungito
979 4423 1121 4498 utrasque
