3142 5166
84 378 88 517 ἱ
440 463 446 473 ,
580 403 814 454 rouccrouuu.

84 537 89 619 Ι
149 633 181 686 8⁰
197 621 342 684 Officium
364 637 420 681 suo
439 626 475 680 ut
497 620 655 698 praeberet
674 621 800 700 pignore
823 619 894 694 ciri;

196 730 234 791 m
255 747 336 790 uuuc
357 748 394 790 ex
414 729 522 789 restris
545 747 651 802 nemo,
673 729 723 808 qui
745 729 856 792 lumine
877 729 951 794 solis

198 839 346 910 Gaudeat,
369 857 386 898 e
407 837 487 898 bello
509 846 606 909 mont,
630 837 813 917 alternisque
835 839 971 901 lucentes.

197 949 237 1010 Se
260 947 386 1019 rodunt,
408 965 487 1008 uuus
511 925 586 1026 quos
609 947 719 1008 claudit
739 965 842 1009 murus
864 957 895 1008 et
914 967 972 1010 uus

198 1059 304 1119 Fossa.
348 1056 374 1117 0
396 1055 517 1129 infelix,
542 1075 652 1135 quaere
674 1064 705 1118 et
725 1056 922 1137 circumspice
946 1057 983 1120 eb
1003 1058 1066 1120 oris

150 1177 181 1230 85
198 1166 355 1245 Aequoris·
369 1182 457 1227 omue
480 1166 523 1228 tui
545 1165 689 1244 spatium,
712 1166 819 1228 deiude
841 1165 955 1246 inspice
976 1175 1090 1246 pectus,

198 1277 231 1338 si
254 1294 312 1354 qun
335 1275 378 1337 tui
400 1274 505 1336 sellem
528 1275 649 1354 persio
673 1281 701 1336 te
724 1293 797 1352 poce
819 1277 942 1337 fruetur.

198 1383 277 1458 Quid
301 1384 424 1464 prodest
445 1383 544 1455 vobis,
567 1384 594 1445 si
613 1383 799 1446 lustinieuus
820 1383 953 1446 hebenus

197 1495 355 1566 Restituit,
378 1511 446 1555 cum
468 1491 541 1554 selle
563 1489 671 1554 vocet?
693 1492 766 1554 Sors
781 1500 887 1555 'vestre
910 1494 975 1554 siue
996 1493 1055 1554 illis

198 1606 288 1667 Forte
310 1601 447 1683 pudende
470 1602 570 1663 miuus
592 1601 679 1662 leret
724 1601 861 1680 Oqeus,
879 1602 964 1682 jussu
987 1603 1107 1664 deceret
1153 1627 1159 1640 ·

150 1725 182 1776 to
199 1715 242 1776 Te
263 1715 381 1783 lucere,
406 1721 436 1772 et
456 1711 556 1772 sinere
577 1712 740 1788 Augustum
764 1711 920 1774 considere
941 1712 1024 1785 sellu,

197 1824 230 1892 Si
251 1821 337 1884 robis
358 1820 495 1882 mundate
518 1820 572 1883 llei
592 1820 671 1882 bene
693 1827 762 1881 uoto
786 1820 879 1882 luere.

238 1931 385 2010 Adspice,
407 1937 441 1992 ut
461 1928 537 1990 hoec
558 1929 635 1990 lectu
659 1937 853 2008 estnequam
876 1930 954 2002 lere,
978 1930 1047 1992 dum
1069 1931 1144 1994 sinis
1165 1932 1208 1994 ire

198 2041 363 2103 lmmuuem
387 2039 515 2111 stimuli,
537 2047 698 2118 postquem
720 2045 769 2100 tue
792 2038 910 2100 dextere
932 2039 1028 2100 lorum

86 2160 89 2287 1
196 2149 339 2230 Arripuit
382 2149 426 2209 Te
443 2147 521 2227 jem,
546 2156 591 2218 te,
614 2147 714 2226 proles
736 2147 887 2220 Teutone,
909 2149 1050 2228 princeps

86 2304 89 2341 ,
149 2273 181 2326 to
198 2260 354 2328 Assume,
367 2257 455 2322 ¹huuc
475 2257 573 2320 lentus
595 2257 645 2336 qui
669 2257 793 2334 negligis
814 2265 903 2336 etque
925 2257 1077 2337 relinquis,

86 2390 89 2428 ·.
198 2371 281 2443 Quae
304 2368 380 2428 lecte
403 2365 547 2431 indomite
568 2375 629 2439 est,
652 2366 815 2445 similisque
838 2365 989 2428 ferocibus
1010 2367 1099 2439 ursis,

85 2439 89 2555 i
197 2479 286 2540 letius
309 2477 410 2538 decuit
431 2476 507 2538 boue
529 2495 635 2554 presso
658 2475 788 2536 insidere
810 2475 910 2538 dorsu.

85 2561 89 2684 l
197 2589 314 2650 tuscum
332 2586 478 2668 juncum
501 2585 539 2646 us
561 2585 645 2646 coeto
668 2585 786 2647 corruat
806 2585 865 2646 atto

86 2694 90 2777 1
199 2699 232 2760 lo
255 2715 348 2776 genus
372 2713 459 2758 omne
480 2701 579 2765 tuum,
601 2693 783 2756 horrendum
805 2695 950 2767 novitus,
972 2703 1146 2774 cutemque,

86 2796 90 2879 l
138 2819 183 2869 ltu
200 2807 236 2870 Ut
257 2805 427 2868 successori
448 2812 545 2866 metus
567 2803 669 2864 anxius
691 2814 820 2883 occupet
840 2823 919 2866 osse.

87 2900 90 2973 Ι
199 2917 244 2978 Tu
266 2933 394 2993 nemque
417 2922 506 2992 atque
528 2921 596 2974 tuus
619 2921 716 2990 peter,
739 2913 899 2979 ambitione
918 2913 1050 2992 jubente,

86 3000 90 3163 ἡ
198 3025 312 3088 lsthiuc
329 3023 466 3084 distracti
488 3023 569 3100 pessi
591 3021 664 3083 estis
685 3040 810 3084 amoene
830 3023 921 3085 virete

86 3170 89 3217 ξ
198 3133 319 3213 Imperii
340 3133 429 3193 vestri
450 3131 515 3194 lieri
538 3131 655 3193 deserte
679 3131 822 3194 locorum.

87 3240 89 3325 ζ
198 3244 257 3305 Fec
280 3241 406 3304 reditum
429 3242 487 3304 huc
508 3241 635 3313 reterns,
658 3249 688 3302 et
706 3241 850 3320 prospice
872 3241 1104 3302 Currsncerros

87 3342 90 3409 ἶ
136 3364 181 3415 lon
197 3353 450 3430 llourroocosque
472 3351 766 3430 Putctrreuscsquc,
790 3357 819 3414 et
841 3368 929 3412 cerne
951 3351 1122 3424 Mouncnos,

87 3428 90 3581 fl
198 3463 269 3524 uros
286 3461 350 3540 jam
371 3461 490 3529 ussus.
513 3461 627 3539 neptus
649 3459 706 3521 uos
728 3458 887 3520 romisino
909 3459 1024 3538 liranus.

239 3571 304 3634 lluc
327 3569 416 3639 edes,
439 3588 457 3630 o
481 3568 626 3660 crudelis!
649 3569 738 3635 adest
760 3569 955 3658 circumspice
978 3587 1110 3648 pressos,

87 3656 90 3761 i
198 3681 282 3754 Quos
305 3679 358 3740 tihi
381 3678 557 3758 coujunctos
580 3696 684 3750 nores,
707 3686 736 3740 et
757 3678 877 3739 vulnere
900 3697 986 3751 eumq

86 3762 90 3863 i
198 3790 235 3852 Et
256 3796 391 3851 seuctem
414 3787 549 3866 iuspecto
571 3787 705 3858 Florem,
727 3796 761 3847 ut
781 3803 885 3850 secure
910 3787 1046 3867 quiescit.

87 3876 90 3945 i
136 3905 182 3958 lttt
198 3900 293 3961 Cerne
315 3906 397 3958 tuem
418 3896 542 3958 Romem
564 3898 684 3958 tleotem
708 3897 884 3976 viduumque
906 3897 1049 3970 relictum,

86 3973 90 4085 i
197 4009 238 4069 Ac
260 4006 356 4070 solum
378 4005 408 4066 id
432 4015 543 4068 tautum
567 4016 731 4085 noctesque
752 4006 877 4085 diesque
899 4015 1089 4085 querentem:

87 4096 89 4123 ¹
196 4115 277 4178 lleul
302 4115 435 4186 cummi
457 4116 580 4188 Censor,
602 4133 719 4176 mecum
742 4132 842 4176 comes
865 4115 909 4178 ire
932 4115 1077 4178 recusus?

86 4166 90 4315 i
195 4227 307 4298 Cerne,
332 4235 365 4285 ut
385 4233 537 4298 ementur,
561 4234 660 4287 emunt
680 4231 801 4301 genem
824 4225 871 4286 siu
893 4233 1015 4304 pectore
1036 4235 1132 4287 vestre

86 4356 89 4451 Ι
194 4335 280 4398 Nulla
303 4343 404 4396 movet
424 4335 518 4396 nostri
540 4333 651 4414 pietus,
674 4334 733 4396 huc
755 4343 783 4396 te
800 4333 916 4413 ediico,
940 4334 1036 4396 lentae
