3144 5164
86 418 90 506 ι
489 381 494 392 ’
587 383 721 459 rarenter
739 409 803 460 xer.

198 625 282 688 Illius
304 625 426 688 incendi
447 645 485 688 ex
505 626 570 688 rivo
592 625 737 690 interiore
757 645 880 692 reoesso

151 736 336 810 revibrare,
358 743 391 798 ut
412 736 519 798 eoiesis
539 755 699 816 erumpens
721 735 851 800 nubibus
873 737 962 818 ignis.

199 846 313 910 Deinde
334 846 413 908 hono
430 845 542 908 sitierit
561 863 682 910 rocem:
706 847 790 920 Quae
812 853 919 926 peetus
940 863 1040 910 amore
1064 899 1068 908 .

198 956 291 1019 Ardet
311 955 409 1018 adhue
427 955 523 1020 ‘virtue
543 955 618 1020 mitri
639 974 760 1036 semper
780 957 817 1020 ed
838 975 936 1036 usque
958 973 1101 1018 roronem

198 1067 272 1130 Fide
294 1085 406 1137 eomes,
429 1064 526 1128 donee
548 1065 667 1128 innotos
689 1065 851 1128 narmoniae
872 1065 962 1138 obiri,

199 1175 246 1238 die
264 1175 352 1258 jubet
371 1175 525 1256 edepirera
548 1174 618 1248 tihi,
640 1175 691 1255 qui
714 1175 843 1254 suspicis
864 1173 962 1248 illem

151 1297 183 1352 re
199 1291 295 1366 Atque
316 1285 391 1346 mihi
412 1263 459 1348 eet
480 1293 605 1364 gratam,
627 1285 654 1346 si
677 1297 717 1356 tu
741 1285 812 1365 quid
833 1283 979 1364 spondeat
1000 1283 1075 1362 ipse,

199 1395 268 1474 lpse
290 1393 364 1456 mihi
385 1394 479 1458 dieas.
500 1427 541 1440 —
563 1395 628 1474 Ego
649 1403 726 1458 tum:
749 1395 930 1474 Vetereeque
953 1411 1106 1474 novaeque

199 1505 373 1584 Scriptum
395 1512 529 1568 statuunt
548 1504 676 1584 signnm,
698 1503 778 1585 quod
800 1504 916 1568 nuntiet
935 1503 1043 1566 horum

199 1614 327 1687 Sortem,
351 1632 427 1694 quoe
448 1614 538 1678 Pater
558 1615 608 1677 hio
628 1623 732 1677 noster
752 1614 811 1678 sibi
831 1614 903 1676 ieeit
924 1613 1048 1676 amieos.

198 1723 332 1804 Namque
353 1722 448 1786 lenies
469 1723 583 1804 inquit:
607 1725 647 1786 Se
668 1723 787 1804 dupline
808 1735 891 1788 reete
1319 1743 1323 1836 Ι

149 1843 182 1898 8⁰
200 1832 358 1896 Ornnbunt
378 1833 494 1897 animae
512 1834 633 1914 prppria
656 1835 687 1898 in
709 1834 832 1910 tellure3
854 1834 909 1898 sed
931 1833 990 1896 ieta
1319 1847 1323 1894 ι
1373 1903 1377 1916 ¹

198 1944 264 2006 vita
285 1943 336 2004 nie
357 1949 418 2006 tem
439 1942 537 2008 duleis
559 1962 614 2006 sun
634 1944 743 2024 cuique
763 1953 810 2006 eet
830 1944 951 2025 propria
972 1942 1071 2006 tetius.
1129 2001 1132 2004 .
1319 1899 1323 2180 ἱ

200 2053 427 2133 Germanusque
449 2061 519 2116 tuus
539 2052 633 2116 mum
656 2053 825 2116 distinctius
848 2053 937 2125 istud,

198 2161 273 2224 utha
295 2162 347 2225 uhi
368 2171 583 2226 commemoret
602 2163 759 2237 velamina,
781 2164 914 2243 paudere
936 2159 1026 2224 nobis

199 2275 348 2335 dreenum
370 2273 541 2336 admonitus
561 2274 672 2354 potuit.
692 2305 736 2319 —
755 2273 803 2336 die
824 2272 893 2336 talia
916 2272 1005 2342 sente
1319 2187 1324 2458 ἱ

151 2396 183 2451 85
200 2383 238 2444 Et
260 2382 345 2463 quasi
368 2382 424 2445 suh
445 2383 545 2456 duem,
568 2383 720 2446 coelorum
744 2403 780 2446 ex
800 2390 884 2463 parte
907 2399 1036 2461 superne

200 2493 271 2565 Vox,
293 2491 332 2555 do
354 2503 534 2572 serperent,
556 2501 604 2554 est
625 2494 771 2566 exaudita,
795 2493 964 2574 ahorusque

201 2600 307 2663 Omnis
329 2601 367 2663 ad
388 2602 467 2664 hena
487 2619 590 2664 roeern
612 2602 727 2681 pariter
746 2619 893 2681 responsa
915 2599 1039 2662 remisit.

242 2711 319 2772 Exin
340 2709 395 2772 hes
417 2710 495 2774 inter
515 2713 641 2774 choreas
662 2711 711 2774 iux
733 2731 792 2776 unu
813 2711 933 2776 reinduit

201 2820 260 2895 Sio,
283 2828 326 2893 ut,
349 2822 375 2882 si
397 2820 450 2884 tali
471 2822 639 2885 demoleret
659 2822 774 2886 Cenoer
794 2821 839 2886 el)⁴
854 2829 945 2894 aeuo,

151 2941 185 2995 ιιι
200 2928 265 2992 Una
287 2930 352 2992 dies
373 2929 501 2992 hiemem
523 2939 616 2994 totum
638 2942 799 3013 aequatura
821 2931 935 2994 fuisset

200 3042 244 3104 do
264 3039 354 3102 reiuti
377 3041 531 3120 surgitque
553 3042 635 3122 itque
657 3042 881 3122 ingrediturque
904 3040 1044 3101 choreum

202 3149 289 3228 Virgo
311 3148 426 3223 hilaris,
449 3149 540 3212 modo
562 3151 633 3213 dum
655 3170 787 3231 sponsae
809 3148 960 3231 persolvat
979 3147 1134 3223 honorem,

201 3257 268 3320 Non
285 3259 403 3339 iactans
425 3277 509 3322 sese:
532 3259 611 3324 haud
633 3261 720 3324 aliter
740 3259 905 3342 procedere
925 3257 986 3322 vidi

201 3367 400 3449 Splendorem
422 3369 601 3434 inenootum
621 3370 659 3434 ad
676 3369 770 3434 ¹binos
791 3388 824 3434 ee
846 3377 989 3447 utrosque
1010 3371 1142 3428 retentes

151 3485 184 3542 ιι
202 3477 236 3539 in
258 3495 370 3559 gyrum,
392 3477 506 3542 alterno
528 3488 562 3542 ut
582 3480 683 3542 decuit
702 3480 881 3544 demorendo
904 3495 1005 3542 amore

201 3587 338 3661 Pectore,
360 3587 402 3650 ihi
423 3589 513 3652 sinui
535 3598 566 3654 et
586 3601 706 3654 cantum
727 3598 758 3652 et
778 3587 979 3652 modulamine
1000 3603 1106 3648 vocum

200 3697 373 3776 ingressum
394 3698 505 3764 subito.
548 3699 613 3762 dieo
635 3707 706 3764 uene
726 3700 868 3765 haerebat
889 3699 921 3762 in
942 3696 1010 3760 iilos
1120 3744 1122 3750 .

200 3807 302 3870 Dedan
324 3806 429 3872 obtutu
450 3808 585 3882 Domine,
607 3817 641 3872 nt
660 3809 751 3872 modo
774 3817 865 3889 nupta
887 3806 987 3888 puella

201 3917 291 3991 Muta,
313 3917 435 3982 irnmote
456 3937 592 3984 manens.
632 3918 713 3983 Eoee
734 3919 785 3982 hio
804 3917 968 3999 Apostolus
990 3915 1051 3990 iiie,

139 4034 185 4087 lou
204 4027 263 4099 Qui
281 4026 377 4108 jacuit
397 4046 488 4109 supra
509 4029 642 4092 Pelieeni
664 4039 786 4111 pentura
806 4027 912 4101 nostri,

203 4135 258 4199 Cui
279 4137 357 4202 lecto
378 4155 518 4216 maguum
539 4139 646 4218 legerit
667 4140 705 4204 de
726 4159 814 4204 oruoe
836 4157 955 4202 monus.

203 4246 255 4308 Sin
275 4247 366 4324 haeo;
388 4266 456 4310 non
472 4256 571 4312 umen
593 4248 707 4312 ideireo
729 4250 876 4312 divertere
898 4248 994 4308 risum

202 4356 321 4431 Postea,
342 4366 466 4422 utente
487 4376 558 4423 euos
580 4375 669 4438 mena
690 4358 830 4424 tunderet
849 4375 902 4418 ore
923 4351 1066 4436 loquelas.
1319 4326 1324 4564 ι
