<?xml version="1.0" encoding="UTF-8"?>
<!DOCTYPE html PUBLIC "-//W3C//DTD XHTML 1.0 Transitional//EN"
    "http://www.w3.org/TR/xhtml1/DTD/xhtml1-transitional.dtd">
<html xmlns="http://www.w3.org/1999/xhtml" xml:lang="en" lang="en">
 <head>
  <title>
</title>
<meta http-equiv="Content-Type" content="text/html;charset=utf-8" />
  <meta name='ocr-system' content='tesseract 3.04.00' />
  <meta name='ocr-capabilities' content='ocr_page ocr_carea ocr_par ocr_line ocrx_word'/>
</head>
<body>
  <div class='ocr_page' id='page_1' title='image "./divinacomoedia00piazgoog_0474.png"; bbox 0 0 3144 5164; ppageno 0'>
   <div class='ocr_carea' id='block_1_1' title="bbox 596 411 839 463">
    <p class='ocr_par' dir='ltr' id='par_1_1' title="bbox 596 411 839 463">
     <span class='ocr_line' id='line_1_1' title="bbox 596 411 839 463; baseline 0.004 -2"><span class='ocrx_word' id='word_1_1' title='bbox 596 411 731 463; x_wconf 72' lang='lat' dir='ltr'><strong>PARADIS!</strong></span> <span class='ocrx_word' id='word_1_2' title='bbox 749 411 839 463; x_wconf 72' lang='lat' dir='ltr'><strong>mii.</strong></span> 
     </span>
    </p>
   </div>
   <div class='ocr_carea' id='block_1_2' title="bbox 166 627 1264 4441">
    <p class='ocr_par' dir='ltr' id='par_1_2' title="bbox 166 627 1264 4441">
     <span class='ocr_line' id='line_1_2' title="bbox 166 627 1020 713; baseline 0.007 -24"><span class='ocrx_word' id='word_1_3' title='bbox 166 641 199 698; x_wconf 76' lang='lat'><strong>55</strong></span> <span class='ocrx_word' id='word_1_4' title='bbox 218 629 319 703; x_wconf 83' lang='lat' dir='ltr'><strong>Quare</strong></span> <span class='ocrx_word' id='word_1_5' title='bbox 341 627 400 704; x_wconf 86' lang='lat' dir='ltr'><strong>isti,</strong></span> <span class='ocrx_word' id='word_1_6' title='bbox 423 637 491 692; x_wconf 91' lang='lat' dir='ltr'><strong>ante</strong></span> <span class='ocrx_word' id='word_1_7' title='bbox 513 631 593 694; x_wconf 85' lang='lat' dir='ltr'><strong>diam</strong></span> <span class='ocrx_word' id='word_1_8' title='bbox 614 649 683 694; x_wconf 85' lang='lat' dir='ltr'><strong>vare</strong></span> <span class='ocrx_word' id='word_1_9' title='bbox 706 650 756 712; x_wconf 83' lang='lat' dir='ltr'><strong>qur</strong></span> <span class='ocrx_word' id='word_1_10' title='bbox 778 649 853 713; x_wconf 89' lang='lat' dir='ltr'><strong>pace</strong></span> <span class='ocrx_word' id='word_1_11' title='bbox 876 633 1020 708; x_wconf 83' lang='lat' dir='ltr'><strong>truantur,</strong></span> 
     </span>
     <span class='ocr_line' id='line_1_3' title="bbox 214 737 1114 807; baseline 0.007 -6"><span class='ocrx_word' id='word_1_12' title='bbox 214 737 324 801; x_wconf 81' lang='lat' dir='ltr'><strong>Plusrc</strong></span> <span class='ocrx_word' id='word_1_13' title='bbox 345 739 481 802; x_wconf 86' lang='lat' dir='ltr'><strong>minusve</strong></span> <span class='ocrx_word' id='word_1_14' title='bbox 502 741 635 804; x_wconf 86' lang='lat' dir='ltr'><strong>interae</strong></span> <span class='ocrx_word' id='word_1_15' title='bbox 657 741 805 804; x_wconf 80' lang='lat' dir='ltr'><strong>excellunt</strong></span> <span class='ocrx_word' id='word_1_16' title='bbox 826 759 887 804; x_wconf 87' lang='lat' dir='ltr'><strong>nou</strong></span> <span class='ocrx_word' id='word_1_17' title='bbox 910 744 975 805; x_wconf 91' lang='lat' dir='ltr'><strong>sine</strong></span> <span class='ocrx_word' id='word_1_18' title='bbox 999 761 1114 807; x_wconf 77' lang='lat' dir='ltr'>caussa.</span> 
     </span>
     <span class='ocr_line' id='line_1_4' title="bbox 215 849 1138 931; baseline 0.007 -20"><span class='ocrx_word' id='word_1_19' title='bbox 215 849 287 924; x_wconf 84' lang='lat' dir='ltr'><strong>Rex,</strong></span> <span class='ocrx_word' id='word_1_20' title='bbox 310 865 365 928; x_wconf 88' lang='lat' dir='ltr'><strong>per</strong></span> <span class='ocrx_word' id='word_1_21' title='bbox 386 867 476 929; x_wconf 69' lang='lat' dir='ltr'><strong>mem</strong></span> <span class='ocrx_word' id='word_1_22' title='bbox 497 849 529 912; x_wconf 92' lang='lat' dir='ltr'><strong>in</strong></span> <span class='ocrx_word' id='word_1_23' title='bbox 548 857 631 912; x_wconf 90' lang='lat' dir='ltr'><strong>tanto</strong></span> <span class='ocrx_word' id='word_1_24' title='bbox 653 859 761 931; x_wconf 78' lang='lat' dir='ltr'><strong>pausat</strong></span> <span class='ocrx_word' id='word_1_25' title='bbox 780 869 904 931; x_wconf 81' lang='lat' dir='ltr'><strong>regnum</strong></span> <span class='ocrx_word' id='word_1_26' title='bbox 927 851 1006 915; x_wconf 85' lang='lat' dir='ltr'><strong>istud</strong></span> <span class='ocrx_word' id='word_1_27' title='bbox 1027 873 1138 930; x_wconf 87' lang='lat' dir='ltr'><strong>amore,</strong></span> 
     </span>
     <span class='ocr_line' id='line_1_5' title="bbox 215 957 961 1042; baseline 0.005 -22"><span class='ocrx_word' id='word_1_28' title='bbox 215 957 310 1040; x_wconf 86' lang='lat' dir='ltr'><strong>Inque</strong></span> <span class='ocrx_word' id='word_1_29' title='bbox 331 959 388 1020; x_wconf 92' lang='lat' dir='ltr'><strong>bac</strong></span> <span class='ocrx_word' id='word_1_30' title='bbox 409 958 528 1033; x_wconf 85' lang='lat' dir='ltr'><strong>laetitia,</strong></span> <span class='ocrx_word' id='word_1_31' title='bbox 551 977 608 1040; x_wconf 91' lang='lat' dir='ltr'><strong>qua</strong></span> <span class='ocrx_word' id='word_1_32' title='bbox 629 959 727 1042; x_wconf 71' lang='lat' dir='ltr'><strong>maius</strong></span> <span class='ocrx_word' id='word_1_33' title='bbox 749 960 829 1022; x_wconf 87' lang='lat' dir='ltr'><strong>nulla</strong></span> <span class='ocrx_word' id='word_1_34' title='bbox 852 962 961 1042; x_wconf 89' lang='lat' dir='ltr'><strong>cupido</strong></span> 
     </span>
     <span class='ocr_line' id='line_1_6' title="bbox 217 1067 1161 1152; baseline 0.007 -23"><span class='ocrx_word' id='word_1_35' title='bbox 217 1067 387 1149; x_wconf 84' lang='lat' dir='ltr'><strong>Quidquam</strong></span> <span class='ocrx_word' id='word_1_36' title='bbox 409 1068 496 1143; x_wconf 85' lang='lat' dir='ltr'><strong>ausit,</strong></span> <span class='ocrx_word' id='word_1_37' title='bbox 519 1077 645 1144; x_wconf 87' lang='lat' dir='ltr'><strong>mentes,</strong></span> <span class='ocrx_word' id='word_1_38' title='bbox 668 1078 700 1132; x_wconf 90' lang='lat' dir='ltr'><strong>ut</strong></span> <span class='ocrx_word' id='word_1_39' title='bbox 720 1071 815 1132; x_wconf 85' lang='lat' dir='ltr'><strong>visum</strong></span> <span class='ocrx_word' id='word_1_40' title='bbox 838 1079 892 1145; x_wconf 85' lang='lat' dir='ltr'><strong>cst,</strong></span> <span class='ocrx_word' id='word_1_41' title='bbox 916 1082 1023 1152; x_wconf 88' lang='lat' dir='ltr'><strong>sponte</strong></span> <span class='ocrx_word' id='word_1_42' title='bbox 1045 1082 1161 1136; x_wconf 87' lang='lat' dir='ltr'><strong>creatas</strong></span> 
     </span>
     <span class='ocr_line' id='line_1_7' title="bbox 167 1177 925 1242; baseline 0.007 -4"><span class='ocrx_word' id='word_1_43' title='bbox 167 1185 200 1238; x_wconf 83' lang='lat' dir='ltr'><strong>tu</strong></span> <span class='ocrx_word' id='word_1_44' title='bbox 217 1178 329 1241; x_wconf 84' lang='lat' dir='ltr'><strong>Omnes</strong></span> <span class='ocrx_word' id='word_1_45' title='bbox 352 1177 486 1241; x_wconf 85' lang='lat' dir='ltr'><strong>diversae</strong></span> <span class='ocrx_word' id='word_1_46' title='bbox 508 1179 628 1242; x_wconf 83' lang='lat' dir='ltr'><strong>donavit</strong></span> <span class='ocrx_word' id='word_1_47' title='bbox 648 1198 772 1242; x_wconf 86' lang='lat' dir='ltr'><strong>munere</strong></span> <span class='ocrx_word' id='word_1_48' title='bbox 793 1179 884 1242; x_wconf 90' lang='lat' dir='ltr'><strong>dotis.</strong></span> <span class='ocrx_word' id='word_1_49' title='bbox 921 1193 925 1200; x_wconf 85' lang='lat'>&#39;</span> 
     </span>
     <span class='ocr_line' id='line_1_8' title="bbox 215 1286 1080 1369; baseline 0.003 -19"><span class='ocrx_word' id='word_1_50' title='bbox 215 1288 312 1368; x_wconf 77' lang='lat' dir='ltr'><strong>Atque</strong></span> <span class='ocrx_word' id='word_1_51' title='bbox 334 1286 364 1348; x_wconf 92' lang='lat' dir='ltr'><strong>id</strong></span> <span class='ocrx_word' id='word_1_52' title='bbox 388 1288 465 1351; x_wconf 85' lang='lat' dir='ltr'><strong>scire</strong></span> <span class='ocrx_word' id='word_1_53' title='bbox 486 1295 534 1350; x_wconf 88' lang='lat' dir='ltr'><strong>sat</strong></span> <span class='ocrx_word' id='word_1_54' title='bbox 555 1296 616 1362; x_wconf 89' lang='lat' dir='ltr'><strong>est,</strong></span> <span class='ocrx_word' id='word_1_55' title='bbox 639 1290 719 1369; x_wconf 91' lang='lat' dir='ltr'><strong>quod</strong></span> <span class='ocrx_word' id='word_1_56' title='bbox 742 1288 820 1351; x_wconf 86' lang='lat' dir='ltr'><strong>clare</strong></span> <span class='ocrx_word' id='word_1_57' title='bbox 842 1299 945 1358; x_wconf 84' lang='lat' dir='ltr'><strong>sancta</strong></span> <span class='ocrx_word' id='word_1_58' title='bbox 968 1292 1080 1353; x_wconf 81' lang='lat' dir='ltr'><strong>notavit</strong></span> 
     </span>
     <span class='ocr_line' id='line_1_9' title="bbox 216 1397 1070 1480; baseline 0.006 -21"><span class='ocrx_word' id='word_1_59' title='bbox 216 1397 370 1478; x_wconf 73' lang='lat' dir='ltr'><strong>Scriptura</strong></span> <span class='ocrx_word' id='word_1_60' title='bbox 392 1397 423 1458; x_wconf 92' lang='lat' dir='ltr'><strong>in</strong></span> <span class='ocrx_word' id='word_1_61' title='bbox 446 1398 527 1460; x_wconf 79' lang='lat' dir='ltr'><strong>foetu</strong></span> <span class='ocrx_word' id='word_1_62' title='bbox 550 1397 679 1476; x_wconf 83' lang='lat' dir='ltr'><strong>gemino,</strong></span> <span class='ocrx_word' id='word_1_63' title='bbox 703 1417 790 1480; x_wconf 87' lang='lat' dir='ltr'><strong>quern</strong></span> <span class='ocrx_word' id='word_1_64' title='bbox 812 1407 915 1462; x_wconf 82' lang='lat' dir='ltr'><strong>ventre</strong></span> <span class='ocrx_word' id='word_1_65' title='bbox 938 1402 1070 1480; x_wconf 88' lang='lat' dir='ltr'><strong>parentis</strong></span> 
     </span>
     <span class='ocr_line' id='line_1_10' title="bbox 214 1505 976 1590; baseline 0.001 -21"><span class='ocrx_word' id='word_1_66' title='bbox 214 1505 367 1569; x_wconf 85' lang='lat' dir='ltr'><strong>Inclusum</strong></span> <span class='ocrx_word' id='word_1_67' title='bbox 389 1506 512 1570; x_wconf 85' lang='lat' dir='ltr'><strong>alternis</strong></span> <span class='ocrx_word' id='word_1_68' title='bbox 534 1516 734 1570; x_wconf 77' lang='lat' dir='ltr'><strong>commoverat</strong></span> <span class='ocrx_word' id='word_1_69' title='bbox 754 1510 883 1590; x_wconf 89' lang='lat' dir='ltr'><strong>impetus</strong></span> <span class='ocrx_word' id='word_1_70' title='bbox 904 1510 976 1572; x_wconf 89' lang='lat' dir='ltr'><strong>irae.</strong></span> 
     </span>
     <span class='ocr_line' id='line_1_11' title="bbox 217 1617 1021 1698; baseline 0.004 -19"><span class='ocrx_word' id='word_1_71' title='bbox 217 1617 317 1692; x_wconf 88' lang='lat' dir='ltr'><strong>Quare</strong></span> <span class='ocrx_word' id='word_1_72' title='bbox 339 1625 429 1698; x_wconf 87' lang='lat' dir='ltr'><strong>prout</strong></span> <span class='ocrx_word' id='word_1_73' title='bbox 449 1618 580 1698; x_wconf 79' lang='lat' dir='ltr'><strong>praefert</strong></span> <span class='ocrx_word' id='word_1_74' title='bbox 601 1635 636 1680; x_wconf 91' lang='lat' dir='ltr'><strong>ea</strong></span> <span class='ocrx_word' id='word_1_75' title='bbox 657 1617 750 1697; x_wconf 82' lang='lat' dir='ltr'><strong>gratia</strong></span> <span class='ocrx_word' id='word_1_76' title='bbox 773 1619 867 1698; x_wconf 87' lang='lat' dir='ltr'><strong>prima</strong></span> <span class='ocrx_word' id='word_1_77' title='bbox 890 1619 1021 1682; x_wconf 79' lang='lat' dir='ltr'><strong>colorem</strong></span> 
     </span>
     <span class='ocr_line' id='line_1_12' title="bbox 168 1726 1093 1806; baseline 0.003 -16"><span class='ocrx_word' id='word_1_78' title='bbox 168 1727 326 1800; x_wconf 72' lang='lat' dir='ltr'><strong>uterinis,</strong></span> <span class='ocrx_word' id='word_1_79' title='bbox 349 1727 393 1789; x_wconf 91' lang='lat' dir='ltr'><strong>ita</strong></span> <span class='ocrx_word' id='word_1_80' title='bbox 414 1733 445 1788; x_wconf 87' lang='lat' dir='ltr'><strong>et</strong></span> <span class='ocrx_word' id='word_1_81' title='bbox 465 1726 587 1806; x_wconf 75' lang='lat' dir='ltr'><strong>dignum</strong></span> <span class='ocrx_word' id='word_1_82' title='bbox 609 1737 663 1802; x_wconf 76' lang='lat' dir='ltr'><strong>est,</strong></span> <span class='ocrx_word' id='word_1_83' title='bbox 687 1736 721 1789; x_wconf 90' lang='lat' dir='ltr'><strong>nt</strong></span> <span class='ocrx_word' id='word_1_84' title='bbox 741 1727 791 1790; x_wconf 85' lang='lat' dir='ltr'><strong>lux</strong></span> <span class='ocrx_word' id='word_1_85' title='bbox 813 1728 957 1792; x_wconf 90' lang='lat' dir='ltr'><strong>altissima</strong></span> <span class='ocrx_word' id='word_1_86' title='bbox 980 1739 1093 1793; x_wconf 88' lang='lat' dir='ltr'><strong>sertum</strong></span> 
     </span>
     <span class='ocr_line' id='line_1_13' title="bbox 216 1835 999 1916; baseline 0.003 -18"><span class='ocrx_word' id='word_1_87' title='bbox 216 1837 272 1899; x_wconf 85' lang='lat' dir='ltr'><strong>Det</strong></span> <span class='ocrx_word' id='word_1_88' title='bbox 293 1835 393 1916; x_wconf 90' lang='lat' dir='ltr'><strong>capiti.</strong></span> <span class='ocrx_word' id='word_1_89' title='bbox 435 1837 503 1898; x_wconf 89' lang='lat' dir='ltr'><strong>Non</strong></span> <span class='ocrx_word' id='word_1_90' title='bbox 523 1836 583 1899; x_wconf 83' lang='lat' dir='ltr'><strong>ulta</strong></span> <span class='ocrx_word' id='word_1_91' title='bbox 605 1837 697 1916; x_wconf 81' lang='lat' dir='ltr'><strong>igitur</strong></span> <span class='ocrx_word' id='word_1_92' title='bbox 717 1838 855 1900; x_wconf 84' lang='lat' dir='ltr'><strong>mercede</strong></span> <span class='ocrx_word' id='word_1_93' title='bbox 877 1857 999 1901; x_wconf 89' lang='lat' dir='ltr'><strong>suorum</strong></span> 
     </span>
     <span class='ocr_line' id='line_1_14' title="bbox 216 1946 971 2027; baseline 0.001 -18"><span class='ocrx_word' id='word_1_94' title='bbox 216 1947 332 2009; x_wconf 83' lang='lat' dir='ltr'><strong>bionum</strong></span> <span class='ocrx_word' id='word_1_95' title='bbox 353 1954 432 2008; x_wconf 79' lang='lat' dir='ltr'><strong>stam</strong></span> <span class='ocrx_word' id='word_1_96' title='bbox 453 1946 512 2026; x_wconf 92' lang='lat' dir='ltr'><strong>ipsi</strong></span> <span class='ocrx_word' id='word_1_97' title='bbox 534 1946 651 2008; x_wconf 83' lang='lat' dir='ltr'><strong>diversa</strong></span> <span class='ocrx_word' id='word_1_98' title='bbox 672 1947 702 2009; x_wconf 89' lang='lat' dir='ltr'><strong>iu</strong></span> <span class='ocrx_word' id='word_1_99' title='bbox 725 1946 797 2010; x_wconf 87' lang='lat' dir='ltr'><strong>sede</strong></span> <span class='ocrx_word' id='word_1_100' title='bbox 819 1948 971 2027; x_wconf 76' lang='lat' dir='ltr'><strong>gradatim,</strong></span> 
     </span>
     <span class='ocr_line' id='line_1_15' title="bbox 215 2055 1094 2137; baseline 0.002 -19"><span class='ocrx_word' id='word_1_101' title='bbox 215 2055 325 2136; x_wconf 87' lang='lat' dir='ltr'><strong>Nitqua</strong></span> <span class='ocrx_word' id='word_1_102' title='bbox 348 2056 378 2118; x_wconf 92' lang='lat' dir='ltr'><strong>in</strong></span> <span class='ocrx_word' id='word_1_103' title='bbox 401 2055 440 2118; x_wconf 87' lang='lat' dir='ltr'><strong>iis</strong></span> <span class='ocrx_word' id='word_1_104' title='bbox 463 2055 570 2130; x_wconf 77' lang='lat' dir='ltr'><strong>differt,</strong></span> <span class='ocrx_word' id='word_1_105' title='bbox 592 2055 652 2119; x_wconf 84' lang='lat' dir='ltr'><strong>nisi</strong></span> <span class='ocrx_word' id='word_1_106' title='bbox 674 2057 802 2137; x_wconf 89' lang='lat' dir='ltr'><strong>primum</strong></span> <span class='ocrx_word' id='word_1_107' title='bbox 824 2056 936 2135; x_wconf 79' lang='lat' dir='ltr'><strong>gratiae</strong></span> <span class='ocrx_word' id='word_1_108' title='bbox 959 2075 1094 2122; x_wconf 89' lang='lat' dir='ltr'><strong>acumen.</strong></span> 
     </span>
     <span class='ocr_line' id='line_1_16' title="bbox 217 2165 948 2247; baseline -0.001 -17"><span class='ocrx_word' id='word_1_109' title='bbox 217 2166 292 2230; x_wconf 86' lang='lat' dir='ltr'><strong>Cum</strong></span> <span class='ocrx_word' id='word_1_110' title='bbox 312 2166 371 2228; x_wconf 83' lang='lat' dir='ltr'><strong>vita</strong></span> <span class='ocrx_word' id='word_1_111' title='bbox 393 2165 497 2247; x_wconf 91' lang='lat' dir='ltr'><strong>culpae</strong></span> <span class='ocrx_word' id='word_1_112' title='bbox 518 2166 652 2239; x_wconf 88' lang='lat' dir='ltr'><strong>immuni,</strong></span> <span class='ocrx_word' id='word_1_113' title='bbox 675 2167 748 2228; x_wconf 87' lang='lat' dir='ltr'><strong>satis</strong></span> <span class='ocrx_word' id='word_1_114' title='bbox 770 2185 838 2228; x_wconf 89' lang='lat' dir='ltr'><strong>esse</strong></span> <span class='ocrx_word' id='word_1_115' title='bbox 860 2167 948 2230; x_wconf 84' lang='lat' dir='ltr'><strong>saluti</strong></span> 
     </span>
     <span class='ocr_line' id='line_1_17' title="bbox 166 2274 1025 2356; baseline -0.002 -14"><span class='ocrx_word' id='word_1_116' title='bbox 166 2288 200 2342; x_wconf 82' lang='lat' dir='ltr'><strong>tu</strong></span> <span class='ocrx_word' id='word_1_117' title='bbox 217 2274 418 2356; x_wconf 81' lang='lat' dir='ltr'><strong>Temporibus</strong></span> <span class='ocrx_word' id='word_1_118' title='bbox 439 2283 556 2356; x_wconf 90' lang='lat' dir='ltr'><strong>poterat</strong></span> <span class='ocrx_word' id='word_1_119' title='bbox 576 2276 682 2356; x_wconf 90' lang='lat' dir='ltr'><strong>primis</strong></span> <span class='ocrx_word' id='word_1_120' title='bbox 704 2275 735 2338; x_wconf 92' lang='lat' dir='ltr'><strong>in</strong></span> <span class='ocrx_word' id='word_1_121' title='bbox 758 2276 849 2339; x_wconf 89' lang='lat' dir='ltr'><strong>corde</strong></span> <span class='ocrx_word' id='word_1_122' title='bbox 869 2285 1025 2356; x_wconf 85' lang='lat' dir='ltr'><strong>parentum</strong></span> 
     </span>
     <span class='ocr_line' id='line_1_18' title="bbox 216 2385 1081 2467; baseline 0.005 -21"><span class='ocrx_word' id='word_1_123' title='bbox 216 2385 294 2449; x_wconf 85' lang='lat' dir='ltr'><strong>Vera</strong></span> <span class='ocrx_word' id='word_1_124' title='bbox 315 2385 391 2448; x_wconf 84' lang='lat' dir='ltr'><strong>tides</strong></span> <span class='ocrx_word' id='word_1_125' title='bbox 412 2391 537 2448; x_wconf 87' lang='lat' dir='ltr'><strong>tantum.</strong></span> <span class='ocrx_word' id='word_1_126' title='bbox 582 2385 642 2448; x_wconf 87' lang='lat' dir='ltr'><strong>Sed</strong></span> <span class='ocrx_word' id='word_1_127' title='bbox 663 2393 824 2466; x_wconf 81' lang='lat' dir='ltr'><strong>postquam</strong></span> <span class='ocrx_word' id='word_1_128' title='bbox 845 2385 964 2449; x_wconf 75' lang='lat' dir='ltr'><strong>saccus</strong></span> <span class='ocrx_word' id='word_1_129' title='bbox 986 2386 1081 2467; x_wconf 83' lang='lat' dir='ltr'><strong>prima</strong></span> 
     </span>
     <span class='ocr_line' id='line_1_19' title="bbox 216 2493 935 2576; baseline 0 -18"><span class='ocrx_word' id='word_1_130' title='bbox 216 2494 381 2576; x_wconf 72' lang='lat' dir='ltr'><strong>Fuplerunt</strong></span> <span class='ocrx_word' id='word_1_131' title='bbox 400 2505 497 2558; x_wconf 87' lang='lat' dir='ltr'><strong>certos</strong></span> <span class='ocrx_word' id='word_1_132' title='bbox 519 2495 662 2558; x_wconf 80' lang='lat' dir='ltr'><strong>mactatis</strong></span> <span class='ocrx_word' id='word_1_133' title='bbox 684 2493 807 2558; x_wconf 84' lang='lat' dir='ltr'><strong>orbibus</strong></span> <span class='ocrx_word' id='word_1_134' title='bbox 829 2513 935 2570; x_wconf 87' lang='lat' dir='ltr'><strong>annos,</strong></span> 
     </span>
     <span class='ocr_line' id='line_1_20' title="bbox 217 2604 1018 2685; baseline 0.002 -18"><span class='ocrx_word' id='word_1_135' title='bbox 217 2605 256 2667; x_wconf 91' lang='lat' dir='ltr'><strong>Ut</strong></span> <span class='ocrx_word' id='word_1_136' title='bbox 275 2604 385 2685; x_wconf 88' lang='lat' dir='ltr'><strong>plumis</strong></span> <span class='ocrx_word' id='word_1_137' title='bbox 406 2605 532 2666; x_wconf 88' lang='lat' dir='ltr'><strong>marium</strong></span> <span class='ocrx_word' id='word_1_138' title='bbox 554 2605 693 2666; x_wconf 84' lang='lat' dir='ltr'><strong>innocuis</strong></span> <span class='ocrx_word' id='word_1_139' title='bbox 716 2605 787 2668; x_wconf 91' lang='lat' dir='ltr'><strong>satis</strong></span> <span class='ocrx_word' id='word_1_140' title='bbox 809 2613 877 2685; x_wconf 87' lang='lat' dir='ltr'><strong>apta</strong></span> <span class='ocrx_word' id='word_1_141' title='bbox 898 2607 1018 2669; x_wconf 88' lang='lat' dir='ltr'><strong>daretur</strong></span> 
     </span>
     <span class='ocr_line' id='line_1_21' title="bbox 220 2714 927 2788; baseline -0.003 -10"><span class='ocrx_word' id='word_1_142' title='bbox 220 2714 328 2788; x_wconf 82' lang='lat' dir='ltr'><strong>Virtus,</strong></span> <span class='ocrx_word' id='word_1_143' title='bbox 350 2716 408 2778; x_wconf 93' lang='lat' dir='ltr'><strong>bos</strong></span> <span class='ocrx_word' id='word_1_144' title='bbox 429 2715 526 2776; x_wconf 82' lang='lat' dir='ltr'><strong>tuerat</strong></span> <span class='ocrx_word' id='word_1_145' title='bbox 547 2714 770 2778; x_wconf 81' lang='lat' dir='ltr'><strong>circumcidisse</strong></span> <span class='ocrx_word' id='word_1_146' title='bbox 791 2733 927 2778; x_wconf 84' lang='lat' dir='ltr'><strong>necesse.</strong></span> 
     </span>
     <span class='ocr_line' id='line_1_22' title="bbox 167 2823 947 2904; baseline 0.003 -18"><span class='ocrx_word' id='word_1_147' title='bbox 167 2839 201 2896; x_wconf 80' lang='lat'><strong>75</strong></span> <span class='ocrx_word' id='word_1_148' title='bbox 217 2825 273 2886; x_wconf 76' lang='lat' dir='ltr'><strong>Ast</strong></span> <span class='ocrx_word' id='word_1_149' title='bbox 293 2823 344 2886; x_wconf 90' lang='lat' dir='ltr'><strong>ubi</strong></span> <span class='ocrx_word' id='word_1_150' title='bbox 366 2823 510 2904; x_wconf 88' lang='lat' dir='ltr'><strong>corripuit</strong></span> <span class='ocrx_word' id='word_1_151' title='bbox 530 2823 682 2888; x_wconf 85' lang='lat' dir='ltr'><strong>decretum</strong></span> <span class='ocrx_word' id='word_1_152' title='bbox 704 2825 796 2904; x_wconf 81' lang='lat' dir='ltr'><strong>gratia</strong></span> <span class='ocrx_word' id='word_1_153' title='bbox 818 2843 947 2901; x_wconf 85' lang='lat' dir='ltr'><strong>cursum,</strong></span> 
     </span>
     <span class='ocr_line' id='line_1_23' title="bbox 187 2933 967 3016; baseline 0.003 -20"><span class='ocrx_word' id='word_1_154' title='bbox 187 2965 190 2974; x_wconf 93' lang='lat'>·</span> <span class='ocrx_word' id='word_1_155' title='bbox 219 2933 278 3008; x_wconf 81' lang='lat' dir='ltr'><strong>uui</strong></span> <span class='ocrx_word' id='word_1_156' title='bbox 301 2933 366 2996; x_wconf 87' lang='lat' dir='ltr'><strong>sine</strong></span> <span class='ocrx_word' id='word_1_157' title='bbox 387 2935 521 3014; x_wconf 79' lang='lat' dir='ltr'><strong>perfecto</strong></span> <span class='ocrx_word' id='word_1_158' title='bbox 544 2933 654 2996; x_wconf 86' lang='lat' dir='ltr'><strong>Christi</strong></span> <span class='ocrx_word' id='word_1_159' title='bbox 676 2935 853 3016; x_wconf 87' lang='lat' dir='ltr'><strong>baptismate</strong></span> <span class='ocrx_word' id='word_1_160' title='bbox 876 2935 967 2998; x_wconf 81' lang='lat' dir='ltr'><strong>obivit</strong></span> 
     </span>
     <span class='ocr_line' id='line_1_24' title="bbox 218 3038 1264 3125; baseline 0.002 -19"><span class='ocrx_word' id='word_1_161' title='bbox 218 3043 329 3124; x_wconf 81' lang='lat' dir='ltr'><strong>Ctdpae</strong></span> <span class='ocrx_word' id='word_1_162' title='bbox 351 3044 457 3106; x_wconf 88' lang='lat' dir='ltr'><strong>insons</strong></span> <span class='ocrx_word' id='word_1_163' title='bbox 479 3044 629 3125; x_wconf 88' lang='lat' dir='ltr'><strong>propriae,</strong></span> <span class='ocrx_word' id='word_1_164' title='bbox 653 3045 770 3107; x_wconf 80' lang='lat' dir='ltr'><strong>insarno</strong></span> <span class='ocrx_word' id='word_1_165' title='bbox 792 3045 874 3108; x_wconf 86' lang='lat' dir='ltr'><strong>stetit</strong></span> <span class='ocrx_word' id='word_1_166' title='bbox 895 3044 969 3108; x_wconf 87' lang='lat' dir='ltr'><strong>orbe</strong></span> <span class='ocrx_word' id='word_1_167' title='bbox 990 3054 1132 3108; x_wconf 89' lang='lat' dir='ltr'><strong>retentus.</strong></span> <span class='ocrx_word' id='word_1_168' title='bbox 1260 3038 1264 3046; x_wconf 77' lang='grc'><strong>’</strong></span> 
     </span>
     <span class='ocr_line' id='line_1_25' title="bbox 259 3153 1165 3236; baseline 0.003 -21"><span class='ocrx_word' id='word_1_169' title='bbox 259 3153 389 3235; x_wconf 75' lang='lat' dir='ltr'><strong>Adspice</strong></span> <span class='ocrx_word' id='word_1_170' title='bbox 407 3154 470 3236; x_wconf 86' lang='lat' dir='ltr'><strong>jam</strong></span> <span class='ocrx_word' id='word_1_171' title='bbox 491 3155 605 3227; x_wconf 78' lang='lat' dir='ltr'><strong>faciem,</strong></span> <span class='ocrx_word' id='word_1_172' title='bbox 630 3171 705 3234; x_wconf 85' lang='lat' dir='ltr'><strong>quac</strong></span> <span class='ocrx_word' id='word_1_173' title='bbox 726 3154 794 3235; x_wconf 90' lang='lat' dir='ltr'><strong>plus</strong></span> <span class='ocrx_word' id='word_1_174' title='bbox 817 3154 935 3218; x_wconf 87' lang='lat' dir='ltr'><strong>Christo</strong></span> <span class='ocrx_word' id='word_1_175' title='bbox 957 3173 1025 3218; x_wconf 87' lang='lat' dir='ltr'><strong>esse</strong></span> <span class='ocrx_word' id='word_1_176' title='bbox 1047 3156 1165 3220; x_wconf 85' lang='lat' dir='ltr'><strong>videtur</strong></span> 
     </span>
     <span class='ocr_line' id='line_1_26' title="bbox 215 3262 1063 3339; baseline 0.002 -14"><span class='ocrx_word' id='word_1_177' title='bbox 215 3262 388 3339; x_wconf 74' lang='lat' dir='ltr'><strong>Adsimilis3</strong></span> <span class='ocrx_word' id='word_1_178' title='bbox 410 3281 478 3326; x_wconf 89' lang='lat' dir='ltr'><strong>nam</strong></span> <span class='ocrx_word' id='word_1_179' title='bbox 501 3263 565 3327; x_wconf 88' lang='lat' dir='ltr'><strong>sole</strong></span> <span class='ocrx_word' id='word_1_180' title='bbox 587 3262 670 3325; x_wconf 91' lang='lat' dir='ltr'><strong>dabit</strong></span> <span class='ocrx_word' id='word_1_181' title='bbox 691 3262 745 3326; x_wconf 91' lang='lat' dir='ltr'><strong>tibi</strong></span> <span class='ocrx_word' id='word_1_182' title='bbox 768 3281 891 3326; x_wconf 85' lang='lat' dir='ltr'><strong>cernere</strong></span> <span class='ocrx_word' id='word_1_183' title='bbox 913 3263 1063 3327; x_wconf 86' lang='lat' dir='ltr'><strong>Christum</strong></span> 
     </span>
     <span class='ocr_line' id='line_1_27' title="bbox 166 3372 1212 3454; baseline 0.001 -19"><span class='ocrx_word' id='word_1_184' title='bbox 166 3387 200 3444; x_wconf 80' lang='lat'><strong>8⁰</strong></span> <span class='ocrx_word' id='word_1_185' title='bbox 217 3372 300 3447; x_wconf 84' lang='lat' dir='ltr'><strong>Quae</strong></span> <span class='ocrx_word' id='word_1_186' title='bbox 322 3373 371 3436; x_wconf 84' lang='lat' dir='ltr'><strong>lux</strong></span> <span class='ocrx_word' id='word_1_187' title='bbox 392 3373 462 3438; x_wconf 93' lang='lat' dir='ltr'><strong>inde</strong></span> <span class='ocrx_word' id='word_1_188' title='bbox 483 3373 560 3436; x_wconf 85' lang='lat' dir='ltr'><strong>duit.</strong></span> <span class='ocrx_word' id='word_1_189' title='bbox 582 3405 624 3418; x_wconf 90' lang='lat'><em>-</em></span> <span class='ocrx_word' id='word_1_190' title='bbox 645 3375 743 3454; x_wconf 81' lang='lat' dir='ltr'><strong>Super</strong></span> <span class='ocrx_word' id='word_1_191' title='bbox 763 3373 843 3436; x_wconf 87' lang='lat' dir='ltr'><strong>banc</strong></span> <span class='ocrx_word' id='word_1_192' title='bbox 863 3375 1046 3437; x_wconf 86' lang='lat' dir='ltr'><strong>descendere</strong></span> <span class='ocrx_word' id='word_1_193' title='bbox 1068 3383 1176 3439; x_wconf 90' lang='lat' dir='ltr'><strong>tantam</strong></span> <span class='ocrx_word' id='word_1_194' title='bbox 1204 3407 1212 3418; x_wconf 92' lang='lat'>·</span> 
     </span>
     <span class='ocr_line' id='line_1_28' title="bbox 217 3482 948 3564; baseline 0.001 -19"><span class='ocrx_word' id='word_1_195' title='bbox 217 3483 283 3545; x_wconf 85' lang='lat' dir='ltr'><strong>Vim</strong></span> <span class='ocrx_word' id='word_1_196' title='bbox 305 3483 392 3564; x_wconf 75' lang='lat' dir='ltr'><strong>gaudi</strong></span> <span class='ocrx_word' id='word_1_197' title='bbox 413 3483 483 3558; x_wconf 83' lang='lat' dir='ltr'><strong>vidi,</strong></span> <span class='ocrx_word' id='word_1_198' title='bbox 506 3500 583 3564; x_wconf 87' lang='lat' dir='ltr'><strong>quae</strong></span> <span class='ocrx_word' id='word_1_199' title='bbox 604 3482 756 3546; x_wconf 86' lang='lat' dir='ltr'><strong>mentibus</strong></span> <span class='ocrx_word' id='word_1_200' title='bbox 778 3482 948 3547; x_wconf 86' lang='lat' dir='ltr'><strong>insinuabat</strong></span> 
     </span>
     <span class='ocr_line' id='line_1_29' title="bbox 216 3592 1033 3673; baseline -0.001 -18"><span class='ocrx_word' id='word_1_201' title='bbox 216 3592 394 3655; x_wconf 86' lang='lat' dir='ltr'><strong>Discurrens</strong></span> <span class='ocrx_word' id='word_1_202' title='bbox 416 3593 528 3656; x_wconf 89' lang='lat' dir='ltr'><strong>sanctis</strong></span> <span class='ocrx_word' id='word_1_203' title='bbox 549 3609 673 3673; x_wconf 77' lang='lat' dir='ltr'><strong>ragnum</strong></span> <span class='ocrx_word' id='word_1_204' title='bbox 694 3593 754 3654; x_wconf 87' lang='lat' dir='ltr'><strong>boc</strong></span> <span class='ocrx_word' id='word_1_205' title='bbox 774 3593 902 3656; x_wconf 88' lang='lat' dir='ltr'><strong>sublime</strong></span> <span class='ocrx_word' id='word_1_206' title='bbox 923 3593 1033 3656; x_wconf 88' lang='lat' dir='ltr'><strong>creatis</strong></span> 
     </span>
     <span class='ocr_line' id='line_1_30' title="bbox 215 3701 1167 3783; baseline 0.001 -18"><span class='ocrx_word' id='word_1_207' title='bbox 215 3702 400 3765; x_wconf 68' lang='lat' dir='ltr'><strong>Periclitare</strong></span> <span class='ocrx_word' id='word_1_208' title='bbox 421 3701 509 3776; x_wconf 85' lang='lat' dir='ltr'><strong>uitro,</strong></span> <span class='ocrx_word' id='word_1_209' title='bbox 531 3710 566 3765; x_wconf 91' lang='lat' dir='ltr'><strong>ut</strong></span> <span class='ocrx_word' id='word_1_210' title='bbox 587 3701 786 3783; x_wconf 89' lang='lat' dir='ltr'><strong>quodcunque</strong></span> <span class='ocrx_word' id='word_1_211' title='bbox 808 3701 882 3766; x_wconf 88' lang='lat' dir='ltr'><strong>mibi</strong></span> <span class='ocrx_word' id='word_1_212' title='bbox 904 3711 972 3765; x_wconf 88' lang='lat' dir='ltr'><strong>ante</strong></span> <span class='ocrx_word' id='word_1_213' title='bbox 999 3706 1074 3766; x_wconf 88' lang='lat' dir='ltr'><strong>tueri</strong></span> <span class='ocrx_word' id='word_1_214' title='bbox 1161 3741 1167 3754; x_wconf 57' lang='grc' dir='ltr'><strong><em>ι</em></strong></span> 
     </span>
     <span class='ocr_line' id='line_1_31' title="bbox 216 3811 1027 3894; baseline 0.002 -20"><span class='ocrx_word' id='word_1_215' title='bbox 216 3811 276 3874; x_wconf 77' lang='lat' dir='ltr'><strong>Fas</strong></span> <span class='ocrx_word' id='word_1_216' title='bbox 298 3813 403 3887; x_wconf 82' lang='lat' dir='ltr'><strong>iuerat,</strong></span> <span class='ocrx_word' id='word_1_217' title='bbox 426 3829 578 3892; x_wconf 88' lang='lat' dir='ltr'><strong>nunquam</strong></span> <span class='ocrx_word' id='word_1_218' title='bbox 599 3819 679 3875; x_wconf 86' lang='lat' dir='ltr'><strong>tanto</strong></span> <span class='ocrx_word' id='word_1_219' title='bbox 702 3831 769 3874; x_wconf 90' lang='lat' dir='ltr'><strong>mea</strong></span> <span class='ocrx_word' id='word_1_220' title='bbox 790 3813 881 3876; x_wconf 88' lang='lat' dir='ltr'><strong>corda</strong></span> <span class='ocrx_word' id='word_1_221' title='bbox 904 3821 1027 3894; x_wconf 89' lang='lat' dir='ltr'><strong>stupore</strong></span> 
     </span>
     <span class='ocr_line' id='line_1_32' title="bbox 166 3921 937 3996; baseline 0.003 -12"><span class='ocrx_word' id='word_1_222' title='bbox 166 3937 199 3994; x_wconf 75' lang='lat'><strong>85</strong></span> <span class='ocrx_word' id='word_1_223' title='bbox 216 3922 335 3996; x_wconf 76' lang='lat' dir='ltr'><strong>Fixerit,</strong></span> <span class='ocrx_word' id='word_1_224' title='bbox 358 3930 409 3984; x_wconf 93' lang='lat' dir='ltr'><strong>aut</strong></span> <span class='ocrx_word' id='word_1_225' title='bbox 428 3929 543 3984; x_wconf 88' lang='lat' dir='ltr'><strong>tantum</strong></span> <span class='ocrx_word' id='word_1_226' title='bbox 565 3921 657 3986; x_wconf 85' lang='lat' dir='ltr'><strong>divini</strong></span> <span class='ocrx_word' id='word_1_227' title='bbox 678 3923 845 3986; x_wconf 88' lang='lat' dir='ltr'><strong>ostenderit</strong></span> <span class='ocrx_word' id='word_1_228' title='bbox 864 3923 937 3986; x_wconf 88' lang='lat' dir='ltr'><strong>oris.</strong></span> 
     </span>
     <span class='ocr_line' id='line_1_33' title="bbox 218 4031 1068 4114; baseline 0 -20"><span class='ocrx_word' id='word_1_229' title='bbox 218 4031 337 4111; x_wconf 85' lang='lat' dir='ltr'><strong>Quique</strong></span> <span class='ocrx_word' id='word_1_230' title='bbox 358 4031 429 4094; x_wconf 86' lang='lat' dir='ltr'><strong>illuc</strong></span> <span class='ocrx_word' id='word_1_231' title='bbox 450 4031 606 4094; x_wconf 87' lang='lat' dir='ltr'><strong>descendit</strong></span> <span class='ocrx_word' id='word_1_232' title='bbox 626 4033 823 4114; x_wconf 73' lang='lat' dir='ltr'><strong>enormior,</strong></span> <span class='ocrx_word' id='word_1_233' title='bbox 845 4033 912 4114; x_wconf 91' lang='lat' dir='ltr'><strong>ipse</strong></span> <span class='ocrx_word' id='word_1_234' title='bbox 934 4034 1068 4098; x_wconf 89' lang='lat' dir='ltr'><strong>canendo</strong></span> 
     </span>
     <span class='ocr_line' id='line_1_34' title="bbox 218 4136 1184 4225; baseline 0.002 -21"><span class='ocrx_word' id='word_1_235' title='bbox 218 4140 360 4204; x_wconf 81' lang='lat' dir='ltr'><strong>Carmen:</strong></span> <span class='ocrx_word' id='word_1_236' title='bbox 382 4139 453 4214; x_wconf 75' lang='lat' dir='ltr'><strong>doe,</strong></span> <span class='ocrx_word' id='word_1_237' title='bbox 476 4136 602 4206; x_wconf 78' lang='lat' dir='ltr'><strong>Morio!</strong></span> <span class='ocrx_word' id='word_1_238' title='bbox 623 4150 750 4222; x_wconf 84' lang='lat' dir='ltr'><strong>atquae</strong></span> <span class='ocrx_word' id='word_1_239' title='bbox 773 4143 924 4224; x_wconf 79' lang='lat' dir='ltr'><strong>quondmn</strong></span> <span class='ocrx_word' id='word_1_240' title='bbox 946 4153 1061 4208; x_wconf 86' lang='lat' dir='ltr'><strong>caetera</strong></span> <span class='ocrx_word' id='word_1_241' title='bbox 1079 4143 1184 4225; x_wconf 83' lang='lat' dir='ltr'><strong>jussus</strong></span> 
     </span>
     <span class='ocr_line' id='line_1_35' title="bbox 217 4249 918 4345; baseline 0.003 -33"><span class='ocrx_word' id='word_1_242' title='bbox 217 4249 347 4332; x_wconf 80' lang='lat' dir='ltr'><strong>Dixerat,</strong></span> <span class='ocrx_word' id='word_1_243' title='bbox 369 4250 510 4331; x_wconf 88' lang='lat' dir='ltr'><strong>expansis</strong></span> <span class='ocrx_word' id='word_1_244' title='bbox 531 4257 599 4314; x_wconf 87' lang='lat' dir='ltr'><strong>ante</strong></span> <span class='ocrx_word' id='word_1_245' title='bbox 620 4251 701 4314; x_wconf 87' lang='lat' dir='ltr'><strong>illam</strong></span> <span class='ocrx_word' id='word_1_246' title='bbox 722 4252 832 4345; x_wconf 84' lang='lat' dir='ltr'><strong>restitit</strong></span> <span class='ocrx_word' id='word_1_247' title='bbox 852 4253 918 4316; x_wconf 88' lang='lat' dir='ltr'><strong>alis.</strong></span> 
     </span>
     <span class='ocr_line' id='line_1_36' title="bbox 217 4359 994 4441; baseline 0.003 -18"><span class='ocrx_word' id='word_1_248' title='bbox 217 4360 354 4441; x_wconf 90' lang='lat' dir='ltr'><strong>Undique</strong></span> <span class='ocrx_word' id='word_1_249' title='bbox 376 4359 509 4424; x_wconf 84' lang='lat' dir='ltr'><strong>divinum</strong></span> <span class='ocrx_word' id='word_1_250' title='bbox 530 4359 567 4424; x_wconf 86' lang='lat' dir='ltr'><strong>ad</strong></span> <span class='ocrx_word' id='word_1_251' title='bbox 589 4377 709 4424; x_wconf 86' lang='lat' dir='ltr'><strong>carmen</strong></span> <span class='ocrx_word' id='word_1_252' title='bbox 729 4360 816 4424; x_wconf 91' lang='lat' dir='ltr'><strong>turba</strong></span> <span class='ocrx_word' id='word_1_253' title='bbox 838 4361 887 4424; x_wconf 87' lang='lat' dir='ltr'><strong>ilia</strong></span> <span class='ocrx_word' id='word_1_254' title='bbox 909 4361 994 4425; x_wconf 64' lang='lat' dir='ltr'><strong>mata</strong></span> 
     </span>
    </p>
   </div>
   <div class='ocr_carea' id='block_1_3' title="bbox 0 0 1576 5164">
    <p class='ocr_par' dir='ltr' id='par_1_3' title="bbox 0 0 1576 5164">
     <span class='ocr_line' id='line_1_37' title="bbox 0 0 1576 5164; baseline 0 0"><span class='ocrx_word' id='word_1_255' title='bbox 0 0 1576 5164; x_wconf 95' lang='lat' dir='ltr'><strong> </strong></span> 
     </span>
    </p>
   </div>
  </div>
 </body>
</html>
