3144 5164
95 460 98 495 Ι
594 422 729 472 rrtttmst
747 423 817 474 xxrt.

93 588 97 648 ἡ
155 653 188 708 tlt
204 641 319 721 Explet.
362 639 407 702 lbi
431 641 551 720 quaeris
573 642 716 722 perlecta,
738 642 854 720 integra
876 643 985 722 cupido

202 749 242 812 llt
262 758 377 813 matura
401 749 472 812 luat
516 749 613 814 Tenet
632 750 665 812 ln
686 771 721 813 se
744 752 886 833 quidquid
910 752 1019 833 ubique
1042 762 1089 816 est

203 859 258 921 llla
279 859 322 921 ibi
343 857 418 931 sola,
441 858 493 922 ulii
516 878 636 940 semper
658 870 735 924 erat:
758 880 828 922 nam
849 861 956 924 nullibi
977 864 1043 926 uiua
1066 875 1130 938 est3

203 968 270 1032 Nun
291 968 383 1032 hahet
403 969 454 1030 illa
475 969 573 1049 pulos,
596 970 650 1032 sed
673 969 754 1034 scala
773 969 849 1032 haec
871 972 986 1035 scandit
1007 973 1044 1036 ad
1066 975 1173 1054 ipsam,

205 1078 304 1152 Quare
326 1097 395 1142 sese
417 1079 504 1142 oculo
527 1079 572 1142 sle
593 1079 741 1142 subtrahit
763 1079 822 1142 alta
844 1082 948 1143 tuenti.

155 1196 189 1250 cc
203 1188 305 1268 Usque
326 1187 396 1250 illuc
417 1189 514 1269 ipsam
536 1188 706 1268 pertingere
728 1199 812 1268 parte
832 1207 962 1270 superna

204 1299 340 1361 lsacruss
362 1297 446 1371 vidit,
468 1315 536 1362 cum
557 1298 696 1379 apparuit
716 1298 834 1376 agmine
856 1319 959 1380 pressa

203 1407 334 1470 Alituum
357 1408 435 1470 cccli
455 1415 547 1470 taum.
590 1411 628 1470 At
647 1408 772 1486 vestigia
794 1409 890 1482 terris,

203 1516 287 1579 Hauc
309 1524 341 1578 ut
363 1518 554 1594 conscendat,
576 1536 663 1580 nemo
685 1515 826 1580 divellere
848 1529 940 1586 curat.

203 1629 300 1707 Atque
322 1625 364 1689 ihi
386 1627 554 1691 chartarum
576 1626 686 1690 damno
710 1635 865 1708 composta
887 1629 1030 1692 remansit

155 1747 187 1801 td
202 1735 325 1815 Regula,
350 1754 438 1815 quam
460 1737 611 1800 dederam.
654 1736 741 1810 Muri,
765 1737 908 1800 coenobia
932 1739 1091 1814 quondam,

204 1847 281 1908 Sunt
301 1846 391 1908 modo
414 1845 574 1926 speluncae
596 1846 678 1919 lacti,
700 1846 858 1927 nostrique
880 1848 987 1910 cuculli

203 1957 357 2036 Apparent
378 1957 458 2018 sacci
478 1955 582 2018 vitiato
604 1955 718 2018 furfure
741 1955 833 2036 pleni.

202 2066 241 2126 ht
261 2067 340 2128 lleus
362 2064 442 2128 haud
464 2065 527 2126 ndit
548 2071 661 2127 tantum
684 2083 773 2144 grave
794 2066 910 2136 laeuus,
933 2066 1071 2129 utillum

202 2175 355 2248 Fructum,
377 2193 438 2254 quo
460 2175 599 2237 monachi
623 2175 667 2236 sic
688 2174 821 2237 insanire
842 2175 989 2238 ridentur.

155 2295 186 2348 75
202 2285 278 2346 Nam
300 2285 444 2365 quidquid
466 2293 564 2346 servat
587 2292 690 2347 custus
711 2283 849 2354 ecclesia,
872 2285 903 2346 ld
926 2303 1014 2347 omne

91 2402 96 2492 J
203 2394 348 2474 Pauperis
370 2403 418 2456 eat
438 2393 591 2472 poscentis
614 2411 704 2474 opem
725 2393 781 2456 sub
804 2394 932 2472 imagine
955 2395 1074 2464 Christi,

202 2503 269 2566 Nun
288 2504 351 2584 iam
372 2503 501 2582 cognati,
523 2521 581 2567 nec
602 2504 760 2568 deterioris
782 2503 881 2566 amici.
1320 2575 1324 2586 1

203 2613 308 2676 Vestra
330 2613 405 2675 aden
427 2613 536 2678 lalanda
558 2623 706 2687 estesse,
729 2625 763 2676 ut
783 2614 862 2678 haud
885 2614 958 2676 satis
980 2633 1048 2676 esse
1070 2623 1185 2694 putetur
1321 2598 1323 2615 ³

202 2723 358 2802 Inceptum
378 2721 450 2785 felix
469 2715 532 2786 illic
552 2744 570 2786 a
590 2723 709 2812 ruboris
730 2731 799 2786 ortu
1260 2693 1268 2718 ⁸
1321 2717 1323 2731 '

153 2842 186 2898 8⁰
202 2831 247 2893 hd
269 2832 402 2910 glandes.
445 2831 529 2913 Opus
551 2833 610 2896 hoc
630 2833 749 2896 Passus
771 2841 819 2894 est
838 2851 999 2912 aggressus
1021 2834 1118 2898 inanis
1253 2885 1258 2892 .

89 2912 92 3037 1
201 2942 322 3021 Argenti
345 2949 433 3022 atque
454 2942 541 3004 auri:
560 2943 675 3025 jejunia
697 2951 802 3006 nostra
822 2961 988 3023 precesque
1319 2913 1323 2947 ⁸

201 3051 367 3123 Fraucrsct,
389 3069 425 3114 ac
445 3052 543 3133 pietas
566 3071 654 3132 quam
676 3052 895 3114 demississime
917 3053 1039 3116 claustri

87 3224 89 3259 Ι
200 3161 374 3222 fundarunt
393 3162 508 3242 proprii
530 3181 665 3237 murum3
688 3171 718 3223 et
739 3163 766 3224 si
787 3171 893 3242 coepta
915 3163 1048 3224 revolvas

86 3264 90 3351 l
201 3268 362 3350 cujusque,
385 3287 420 3333 ac
441 3279 560 3351 repetas
581 3272 652 3335 inde
673 3289 770 3352 usque
791 3271 849 3332 hcc
871 3272 1015 3352 temporis
1037 3291 1151 3346 aerum,

150 3388 183 3444 8⁶
201 3379 332 3442 Candida
353 3380 518 3460 nigrantem
540 3381 623 3444 dices
645 3381 767 3444 duxisse
788 3381 931 3444 colorem.

199 3489 276 3552 Vere
296 3509 383 3552 uersu
403 3499 486 3554 rctrn
506 3490 645 3554 Jordanis
665 3490 784 3571 lympha
804 3509 963 3554 recurrens

199 3597 270 3660 Plus
294 3600 358 3670 luit,
381 3608 479 3681 atque,
500 3601 618 3664 volente
639 3601 712 3674 Deo,
734 3600 817 3662 rubri
840 3601 906 3678 luga
929 3602 1045 3666 ductus.

198 3708 271 3770 llira
295 3709 390 3772 oculis
413 3711 576 3784 hominum,
600 3729 688 3792 quam
710 3710 760 3772 isti
782 3711 931 3774 medicina
952 3711 1059 3774 dolori.

85 3780 88 3881 l
198 3817 255 3880 llic
277 3819 334 3892 ita;
356 3827 387 3881 et
407 3819 477 3882 inde
499 3839 572 3882 auus
594 3819 691 3899 petiit
734 3820 808 3882 llein
830 3820 916 3884 turba
939 3831 1040 3884 coacta

85 3892 88 4021 l
149 3933 182 3988 ⁰⁰
199 3928 285 3999 Tota,
308 3927 386 3990 velut
408 3929 506 4004 turbu,
529 3947 598 3992 sese
619 3929 651 3990 in
672 3929 799 3992 sublime
821 3932 945 4011 recepit.

84 4032 90 4157 j
241 4037 343 4099 Dulcis
364 4057 412 4102 me
434 4039 542 4102 mulier
563 4057 643 4118 pone
663 4039 732 4102 illes
753 4040 872 4120 impulit
888 4061 949 4104 uno

85 4162 88 4207 t
197 4147 324 4220 Indicio,
347 4159 380 4210 ut
400 4157 521 4212 sanctae
543 4167 719 4229 superarem
738 4150 883 4214 altissima
905 4152 1019 4224 scalam

85 4270 88 4313 t
198 4257 249 4318 Sic
270 4257 365 4320 virtus
386 4259 476 4339 hujus
499 4267 633 4322 naturam
656 4259 767 4322 vicerat
787 4277 917 4338 aegram.

197 4368 259 4430 Nec
281 4367 338 4430 luit
358 4367 408 4432 hie
429 4388 561 4450 unquam
581 4369 648 4432 lona
671 4387 726 4449 per
746 4369 886 4432 sublimia
909 4379 939 4432 ct
960 4371 1018 4432 ima

1100 4433 1316 4585 U
