3142 5166
311 367 372 432 192
749 366 930 418 runcaronn
950 367 993 418 ιι.

375 585 507 666 uiuogit
530 585 560 647 in
582 593 687 648 tenues
709 583 846 666 disperse
868 593 987 648 evanuit
1008 603 1106 648 arrras.

418 693 547 758 Auribus
568 702 603 756 ut
623 695 736 758 nocuis
758 694 879 775 requies
901 693 966 767 init,
990 713 1060 756 ecoe
1083 694 1201 773 fragore

312 813 360 868 1³5
375 804 475 868 Altera
495 805 540 866 sic
561 821 680 879 resono,
704 812 735 866 ut
757 803 855 867 subito
878 803 919 865 sit
939 803 1002 866 risa
1023 812 1127 866 tonare

374 914 448 978 Post
470 913 584 994 sulpur:
606 913 679 976 Sum
700 914 858 976 Aouuunos
880 929 946 992 ego,
969 929 1049 974 nuno
1071 931 1159 976 saxea
1181 913 1275 976 sacta!

376 1025 431 1087 Ast
450 1042 516 1104 ego,
538 1022 666 1086 sollicite
687 1041 854 1105 properans
875 1039 961 1101 mage
983 1021 1132 1102 stringere
1154 1035 1260 1098 samm,

376 1133 560 1206 Retrorsum
582 1151 644 1195 nou
666 1141 734 1196 ante
755 1131 864 1214 pedem
884 1130 1008 1211 vestigia
1029 1131 1114 1210 trani.

417 1243 544 1324 Jamque
566 1242 732 1323 quiescenti
756 1241 862 1304 similis
886 1250 1056 1304 cessaverat
1076 1260 1148 1304 aura

312 1369 361 1424 uo
376 1349 523 1432 Undique,
547 1359 576 1415 et
597 1351 648 1414 ille
670 1350 783 1431 inquit:
805 1350 874 1413 Fuit
894 1352 969 1414 baec
990 1349 1035 1460 qis
1057 1369 1163 1431 aspera
1186 1350 1272 1416 freni.

375 1463 452 1542 Apta
474 1479 546 1524 suns
566 1461 645 1524 intra
667 1462 742 1523 fines
765 1460 907 1524 cohibere
929 1467 1085 1539 protervos

377 1571 572 1650 Terrigenas3
595 1571 648 1634 scd
669 1582 722 1632 vos
745 1569 790 1631 sic
811 1587 912 1632 escam
935 1568 1066 1641 inhiatis,
1090 1577 1122 1630 ut
1143 1569 1240 1632 bostis

376 1680 435 1742 Vos
457 1681 539 1743 fraus
560 1679 674 1760 antiqui
698 1678 863 1760 necopinus
884 1687 1011 1760 occupet
1031 1678 1130 1740 hamo.

377 1789 476 1864 Quare
499 1790 581 1852 irena
602 1807 707 1870 parum
728 1797 864 1871 prosunt,
887 1796 938 1852 aut
959 1806 1043 1868 signa
1065 1797 1231 1850 uocantum.

311 1915 360 1970 ιιι
418 1899 594 1962 Retrorsum
614 1917 667 1960 vos
690 1897 799 1978 templa
819 1907 927 1960 vocant
949 1897 1101 1972 coelestia,
1123 1906 1254 1960 restrum

375 2009 452 2072 Dum
474 2027 561 2090 gyros
584 2008 698 2072 ducunt
719 2027 809 2090 supra
833 2019 930 2088 caput,
953 2015 1042 2088 atque
1064 2006 1203 2070 decorem

376 2119 536 2182 Aeternum
557 2117 706 2198 pandunt:
730 2118 783 2181 sod
804 2125 901 2180 terroe
922 2118 979 2180 tim
1000 2117 1108 2179 tenetis

376 2228 500 2292 Lumina
523 2227 635 2309 adbuc3
657 2227 698 2292 ita
719 2247 782 2304 vos,
806 2227 858 2310 qui
878 2226 1026 2309 perspicit
1047 2225 1156 2302 omnia,
1180 2225 1287 2308 puisat.

877 2489 945 2572 XV·

378 2668 528 2743 Quantum
550 2667 629 2730 iuter
649 2667 788 2748 spatium,
811 2668 891 2749 quod
914 2666 1001 2731 tertia
1023 2668 1145 2730 conficit
1168 2669 1252 2742 bore,

377 2777 526 2858 Ajubure
548 2785 650 2840 exorto
671 2777 800 2857 sphaera
822 2776 933 2840 indicat
956 2777 1110 2852 intervalli,

349 2871 354 2882 ’
378 2885 470 2950 Sueta
492 2904 579 2950 suum
602 2903 723 2965 semper
743 2887 829 2968 pueri
851 2889 945 2950 instar
965 2887 1068 2950 ludere
1090 2887 1207 2960 ludum:

377 2995 553 3076 Hesperiam
575 3003 688 3059 tautum
710 2997 882 3078 properanti
905 3005 1026 3076 tangere
1048 2997 1105 3060 soli

344 3123 361 3179 5
378 3105 518 3169 Restabat
539 3124 655 3171 cursus.
698 3105 769 3168 Erat
790 3107 851 3170 illic
873 3107 977 3169 ultima
998 3106 1083 3180 lucis,

377 3215 475 3296 Atque
498 3215 588 3278 isthic
608 3213 726 3280 mediae
748 3233 819 3296 pars
841 3216 1056 3280 obscurissima
1079 3217 1193 3290 noctis;

377 3324 414 3386 Et
435 3325 546 3388 vultum
568 3324 697 3388 modium
720 3326 811 3388 telum
832 3325 933 3390 solare
953 3325 1089 3408 pctcbot;

378 3433 511 3516 Namque
534 3435 574 3497 ita
596 3435 706 3498 montis
729 3443 794 3498 erat
814 3435 901 3498 uobis
923 3446 1080 3517 peragrata
1102 3453 1224 3508 corona,

378 3543 417 3608 Ut
438 3544 556 3624 plantae
577 3544 741 3626 Hesperias
763 3543 878 3608 directo
900 3546 1019 3610 tramite
1040 3553 1140 3627 partes

330 3669 362 3724 lo
379 3653 544 3716 Calcareut.
588 3653 660 3716 uini
684 3672 751 3717 cum
773 3655 1039 3750 sensitsplcndorc
1061 3661 1222 3734 gravatum,

378 3761 431 3826 Sat
451 3763 519 3842 pius
542 3782 632 3846 quom
654 3773 723 3828 ante
745 3773 842 3846 caput,
867 3784 943 3846 quae
965 3785 1014 3828 res
1036 3784 1084 3828 me
1106 3764 1225 3841 cognita
1247 3763 1383 3826 nondun

377 3871 503 3935 Fecerat
524 3871 691 3936 attonitum.
736 3873 835 3948 Quare
857 3874 913 3938 tuit
934 3875 1063 3956 impetus
1085 3873 1190 3938 ambas

378 3979 455 4044 Hinc
477 3989 566 4062 atque
586 3981 657 4046 binc
677 3982 792 4063 palmas
812 3984 972 4066 palpebrae
994 4003 1147 4066 opponere
1169 3983 1300 4064 utrique,

378 4089 616 4172 Luminibusque
634 4091 724 4173 jubar
745 4093 876 4170 uerendi,
899 4105 933 4155 ut
953 4093 1068 4175 spicula
1089 4094 1167 4156 lucis

330 4217 361 4273 15
378 4200 504 4264 Parcius
526 4201 681 4265 afficerent
702 4201 816 4276 oculos,
839 4203 950 4279 umam,
973 4212 1101 4267 tuentes.

423 4309 507 4374 Sicut
529 4329 606 4391 aqua
626 4321 679 4375 aut
700 4310 824 4394 speculo
846 4312 921 4376 solis
944 4313 992 4376 Ιιιι
1016 4314 1118 4388 tracta,
1143 4320 1309 4376 retrorsum
