3144 5164
190 617 328 682 Militiam
349 617 399 679 bic
421 615 540 680 dabitur
560 616 699 695 Paradisr¹
718 636 843 680 cernere
864 628 1028 700 utramque,

142 735 176 788 tt
190 729 345 808 Unamque
367 745 420 788 cre
442 725 503 801 ille,
528 726 607 806 quod
630 735 661 788 tu
682 728 818 790 veniente
841 727 955 789 videbis

192 839 342 918 Tempore
360 835 468 919 judicii
489 835 622 898 extremi.
645 868 684 882 -
707 834 768 898 Ceu
790 835 869 898 nube
886 847 1015 916 repente
1137 853 1140 858 ’

192 948 307 1012 illisum
327 945 435 1025 lulgrrn
458 963 519 1024 quc
539 945 620 1006 visus
642 952 705 1008 tnta
726 945 850 1008 facultas

193 1056 339 1138 llejicitur
358 1054 412 1130 sic,
434 1062 468 1116 ut
489 1054 642 1117 fraudetur
664 1054 791 1134 imagine
813 1073 914 1118 rerum

194 1166 316 1231 Fortius
338 1165 506 1228 initantum
527 1163 650 1238 ocules3
671 1163 722 1226 lux
741 1164 839 1226 vivida
860 1165 928 1227 talis

145 1280 179 1336 tt
195 1277 244 1338 lle
265 1273 464 1352 circumfulsit
485 1273 536 1336 tali
558 1281 590 1336 et
610 1273 756 1335 velamine
779 1273 867 1353 liquit

195 1383 334 1464 Fulgcris
356 1384 495 1456 cinctum,
518 1391 550 1446 ut
571 1381 645 1444 nibil
667 1382 872 1446 internoscere
893 1385 1018 1464 quirem.

197 1493 324 1574 Semper
343 1494 435 1555 Amor
456 1492 572 1554 coelum
594 1492 653 1553 hee
674 1511 869 1573 componens,
892 1493 1003 1573 colligit
1023 1498 1104 1558 intus

196 1602 262 1665 Vim
284 1601 383 1677 talem,
406 1608 439 1663 ut
459 1599 582 1681 proprie
604 1601 759 1664 crudelem
780 1603 984 1666 accommodet
1006 1605 1076 1684 igni.

240 1713 294 1774 Vix
314 1710 414 1774 brevis
435 1710 486 1773 hic
508 1729 617 1784 sermo,
641 1729 729 1791 quem
750 1713 863 1792 accepi,
885 1713 968 1776 venit
988 1716 1024 1776 sd
1047 1733 1144 1790 aures,

151 1835 183 1888 ω
199 1824 273 1885 Cum
294 1820 377 1886 sensi
399 1821 475 1883 lines
497 1820 573 1883 ultra
593 1819 701 1882 virtute
722 1821 844 1900 petitus,
1244 1799 1249 1808 ¹

198 1932 404 2010 Incensusque
425 1947 501 1993 nore
521 1931 566 1993 aie
587 1930 624 2005 vi,
647 1938 680 1991 ut
700 1930 749 1992 lux
771 1931 850 1992 nulla
871 1930 982 1994 niteret

202 2042 276 2104 Tam
298 2059 390 2114 mera,
413 2057 501 2120 quam
523 2059 589 2102 mea
611 2057 673 2100 nen
694 2038 855 2102 defendere
876 2041 986 2120 pupula
1009 2056 1123 2122 posset.

201 2151 239 2214 Et
260 2151 361 2213 lumen
383 2150 472 2212 burin
494 2149 554 2213 ridi
577 2148 683 2222 simile,
706 2148 947 2229 interutrasque

202 2261 355 2340 Eiiulgene
378 2257 539 2338 splendere
559 2237 641 2328 cras,
665 2276 738 2339 quas
760 2257 893 2338 undique
914 2259 1021 2323 mirum

156 2383 187 2438 55
203 2371 260 2434 Ver
281 2368 471 2450 depingebat.
515 2367 669 2431 Scintillae
690 2385 726 2428 ex
748 2367 870 2430 flumine
892 2368 943 2430 tali

204 2481 292 2542 Visae
315 2478 520 2576 erumpebant,
541 2477 649 2540 florum
671 2486 701 2539 et
721 2492 817 2553 genus
838 2497 927 2540 omne
949 2478 1098 2555 subibam,

204 2590 242 2653 Ut
262 2587 508 2668 circumscriptus
528 2586 623 2650 nitido
646 2585 845 2648 carbunculus
866 2607 948 2650 auro.

205 2699 291 2772 Exin,
312 2696 471 2778 multiplici
494 2705 526 2760 ut
546 2697 725 2760 temulentae
747 2696 834 2776 copia
857 2697 992 2772 edonem,

207 2809 281 2872 Sese
303 2808 410 2870 iterum
433 2806 509 2868 mire
530 2805 705 2885 mergebant
726 2807 850 2884 garrgite,
873 2815 912 2881 et,
934 2827 993 2870 una

159 2925 191 2978 tn
205 2919 355 2998 Ingressa,
377 2915 477 2979 cribet
497 2935 567 2980 mox
587 2916 691 2980 altera.
714 2947 753 2962 ·-
765 2917 899 2980 summa
922 2919 1040 2998 cupide,

157 3037 161 3046 '
209 3029 292 3102 Quae
314 3045 405 3090 nosse
426 3026 502 3088 baec
522 3025 577 3089 tibi
599 3025 662 3088 risa
683 3025 773 3088 modo
796 3025 881 3088 ardet
901 3036 1007 3107 pectus
1028 3037 1059 3089 et
1080 3041 1173 3109 urget

209 3139 275 3212 Quo
298 3136 365 3218 plus
388 3137 539 3214 turgescit,
562 3135 622 3199 nisi
645 3153 681 3198 ec
703 3135 772 3215 plus
795 3143 875 3213 grata
895 3136 1053 3216 probatur:

207 3249 245 3311 tt
266 3247 349 3328 prius
370 3245 446 3310 haec
466 3245 595 3326 potanda
618 3243 672 3306 tibi
693 3243 773 3306 unda
794 3253 849 3318 est,
872 3263 961 3324 quam
981 3247 1046 3308 sitis
1068 3259 1182 3312 aestum

207 3357 367 3420 Exeatures
388 3349 496 3420 tantae.
540 3354 670 3428 Sicani,
692 3354 743 3435 qui
765 3354 865 3416 nubila
889 3355 999 3418 ademit

161 3468 193 3524 tt
209 3467 323 3532 Cuncta
342 3466 418 3530 meis
440 3464 545 3532 oculis.
568 3466 609 3528 ait
629 3473 719 3546 atque
740 3464 816 3526 baec
836 3463 961 3546 insuper
982 3466 1077 3528 addit:

207 3576 333 3640 numen
355 3584 386 3638 et
406 3575 463 3638 hae
484 3593 628 3654 gemmae,
649 3576 804 3653 ingressus
825 3591 946 3654 semper
965 3586 1145 3655 repetentes.

210 3686 300 3749 llisus
323 3693 354 3748 ct
374 3684 533 3750 herbarum
555 3683 617 3749 reri
638 3682 792 3764 praeludia
813 3692 843 3744 et
864 3683 986 3747 umbrae

211 3795 287 3858 Sunt
307 3794 397 3876 hujus
419 3793 523 3875 gandl;
545 3812 606 3857 uon
628 3793 709 3873 qued
731 3794 793 3856 sint
812 3793 882 3856 talia
905 3795 1012 3858 acerba

209 3905 267 3968 Per
289 3923 332 3979 se,
353 3923 456 3968 rerum
478 3904 557 3968 oculi
578 3913 659 3967 areta
680 3903 722 3966 tui
745 3912 793 3966 est
813 3903 960 3984 culpanda
983 3907 1119 3974 facultas.

162 4022 196 4075 tn
210 4013 315 4078 Nullus
337 4023 397 4077 tam
419 4032 549 4096 propero
570 4015 652 4076 vultu
674 4015 705 4076 in
727 4014 773 4076 lac
795 4015 881 4077 irruit
901 4015 1009 4089 intans,

212 4125 374 4188 Cunctatus
395 4133 648 4206 praetermorem
670 4143 704 4188 se
726 4123 841 4187 solvere
860 4143 975 4196 somne,

212 4234 316 4308 Qualis
338 4252 403 4314 ege,
426 4234 553 4316 cupidus
574 4233 706 4314 speculis
727 4233 902 4299 melioribus
925 4235 975 4306 uti,

212 4345 347 4408 Cernuus
370 4344 535 4425 inspiciens
556 4343 677 4416 undam,
698 4361 774 4424 quae
795 4343 924 4424 plurima
946 4343 1057 4406 circuni

1134 4447 1168 4500 25
