3142 5166
329 397 389 461 reo
754 397 934 450 runotronu
952 399 1010 449 rut.

395 617 432 679 Ut
454 617 504 697 qui
526 616 621 678 oculis
643 617 740 698 posita
762 623 829 678 ante
852 615 931 678 videt
951 615 1163 688 tautummodo,
1188 627 1218 679 et
1238 615 1315 680 ultre

394 726 460 788 Non
482 727 561 788 videt
583 726 710 788 exanimi
733 724 855 787 simulac
878 725 960 786 calor
980 743 1050 786 ossa
1073 725 1212 805 reliquit3

393 838 431 899 dl
452 835 658 916 percontabar,
682 835 750 915 quia
772 834 880 914 plantis
902 833 1011 896 addere
1032 833 1111 895 vires

330 947 376 999 ¹2⁵
395 945 560 1008 Consilium
581 945 686 1006 luerat.
729 943 780 1006 Sio
803 943 906 1023 pigros
927 959 1060 1022 pungere
1082 950 1210 1022 oportet,

393 1055 440 1126 Ut,
463 1073 536 1134 quas
559 1053 698 1132 evigilare
721 1053 815 1125 datur,
838 1051 1032 1114 redeuntibus
1053 1050 1143 1132 horis,

394 1163 520 1226 Solliciti
543 1171 671 1225 utantur.
715 1162 777 1223 Nos
799 1162 842 1222 ire
865 1162 1040 1241 crepuscula
1063 1161 1159 1222 noctis

394 1273 568 1353 Spectantes
589 1272 676 1344 ultra,
699 1280 840 1350 quantum
862 1272 1025 1350 procedere
1047 1269 1150 1350 quibat

393 1383 500 1443 Nostra
524 1381 614 1445 ecies.
637 1389 739 1442 contra
760 1379 858 1442 lucem
881 1379 937 1440 sub
958 1397 1082 1459 vespere
1105 1379 1239 1442 missam.

330 1497 377 1548 13⁰
435 1491 513 1552 Eece
536 1497 634 1552 aulem
657 1489 744 1551 nobis
766 1489 917 1571 paullatim
938 1507 1097 1551 occurrere
1120 1490 1219 1550 sumus

396 1601 431 1662 Ut
452 1619 511 1662 nox
531 1600 687 1673 obscurus,
709 1617 806 1680 oeque
829 1611 893 1660 erat
914 1598 988 1660 ratio
1010 1599 1069 1660 ulla
1091 1599 1235 1678 locusque

393 1709 519 1780 litandi,
543 1709 629 1787 isque
652 1708 757 1770 oculos
779 1708 868 1771 simul
890 1717 920 1770 et
941 1727 1049 1788 pumm
1071 1714 1139 1770 aera
1162 1709 1281 1773 ademit

881 1968 964 2050 xlt.

395 2147 556 2210 Tartareus
578 2147 681 2224 nigror
702 2156 733 2210 et
752 2163 862 2209 vacuae
885 2163 1072 2227 quocumque
1094 2145 1212 2225 planeta

393 2257 528 2337 Paupere
550 2256 605 2318 sub
628 2256 712 2318 coelo
735 2256 842 2329 noctis,
865 2255 990 2333 ealigine
1013 2256 1106 2318 densa

393 2367 540 2442 Quantum
563 2385 693 2446 unquam
713 2367 823 2445 potuit,
847 2366 890 2428 sic
913 2382 1014 2427 crasso
1036 2363 1147 2436 lumina
1169 2365 1233 2426 velo

393 2476 477 2538 Haud
500 2476 571 2538 mihi
594 2475 781 2556 compressit,
803 2475 849 2536 vis
870 2473 920 2536 illa
943 2481 975 2535 ut
996 2473 1091 2536 lurida
1114 2474 1197 2548 lumi,

359 2585 477 2660 oQuae
500 2603 555 2646 nos
577 2585 650 2647 texit
671 2585 722 2660 ibi,
744 2601 842 2663 noqm
864 2591 943 2645 texto
966 2583 1107 2646 sensibus
1129 2602 1219 2663 aspro

393 2695 493 2774 Usque
515 2693 599 2766 adeo,
622 2702 740 2756 ulmea
762 2695 840 2756 serre
863 2693 942 2754 acies
964 2692 1081 2756 reclusa
1102 2693 1249 2774 nequiret

394 2805 502 2877 Quare,
525 2803 575 2882 qui
598 2803 670 2864 mihi
693 2804 797 2865 ductor
820 2811 883 2866 eret
904 2803 1041 2882 fidusque
1065 2811 1218 2884 cetusque,

392 2912 494 2974 ddluit
514 2912 712 2992 apposuitque
735 2913 900 2976 humemm.
943 2913 981 2974 Ut
1001 2913 1046 2973 vir
1067 2921 1172 2991 captus
1194 2920 1322 2992 utroquo

391 3022 516 3084 Lumine
538 3022 695 3084 ducentem
718 3021 861 3101 sequitur,
886 3041 923 3084 ne
945 3023 1047 3083 lorsan
1068 3022 1196 3096 aberret,

343 3133 449 3194 redut
470 3132 630 3212 quidquam
652 3130 783 3194 offendat
805 3132 911 3193 damno
934 3131 1060 3194 exitione
1083 3132 1227 3194 lutumm:

391 3241 442 3302 Sic
463 3260 519 3321 per
539 3241 702 3304 amaritiem
724 3259 760 3302 ac
781 3259 836 3320 per
857 3241 964 3302 sordes
986 3240 1064 3302 aeris
1086 3240 1174 3313 ibam

389 3350 468 3413 dure
491 3351 575 3412 ducis
597 3369 700 3412 vocem
722 3350 872 3429 accipiens
894 3350 967 3412 mihi
989 3348 1058 3411 talia
1080 3350 1187 3412 lautis:

389 3461 448 3522 Fac
470 3477 584 3532 caveas,
607 3459 717 3520 nostris
740 3477 778 3519 ne
800 3459 871 3538 quid
893 3465 922 3520 te
944 3468 1065 3539 separet
1085 3457 1179 3522 maist

431 3569 478 3631 lde
499 3568 702 3648 percellebaut
722 3587 820 3642 voces,
843 3587 1006 3649 pacemque
1029 3586 1135 3647 rogare

341 3685 373 3739 ll
390 3677 483 3740 Verba
504 3677 688 3750 videbantur,
710 3677 903 3740 miserantem
925 3677 1016 3740 cordo
1037 3686 1158 3758 precata

389 3786 506 3864 dgnum
528 3786 668 3860 divinum,
691 3786 741 3867 qui
763 3787 842 3850 tollit
863 3788 986 3850 crimina
1006 3789 1120 3850 mundi.

390 3897 481 3959 Primi
503 3899 604 3976 dqnua
627 3896 754 3958 clamare
776 3896 842 3960 mc
886 3897 966 3960 llaec
988 3897 1098 3961 deinde
1119 3897 1260 3962 omnihus
1282 3917 1343 3963 uun

389 4007 451 4066 Vox
474 4015 545 4078 erat,
569 4013 658 4085 atque
679 4023 739 4066 uuo
762 4006 928 4068 reddebant
947 4007 1040 4070 missa
1062 4015 1175 4080 tenore,

389 4115 494 4178 Omnis
516 4121 549 4176 ut
570 4113 626 4174 hos
649 4113 727 4176 inter
748 4116 908 4179 concordia
929 4116 1024 4178 amica
1044 4125 1168 4196 peteret.

336 4237 370 4292 eu
431 4226 566 4298 Quorum
587 4222 676 4285 rerba
699 4232 815 4296 sonant,
839 4243 876 4288 an
899 4234 969 4288 sunt
990 4225 1159 4300 simulacra,
1181 4223 1348 4306 meantes?

387 4335 469 4410 llixi3
491 4342 538 4398 aet
558 4333 608 4395 ille
630 4333 720 4396 mihi:
743 4333 789 4397 Tu
810 4353 912 4397 rerum
934 4335 1075 4418 percipis,
1099 4337 1211 4415 ioquin
