3136 5164
303 403 365 466 286
778 403 914 456 Ptntntst
933 404 956 452 ll.
1480 470 1483 489 Ι

665 497 1469 530 ,...-.--........-,.........-,-,,

369 621 422 682 llle
444 621 500 684 tihi
522 621 577 684 has
599 621 718 684 celerat.
760 621 827 684 Jam
849 621 942 694 sensi,
965 630 997 684 ut
1018 630 1121 684 nostra
1144 623 1255 702 cupido

370 731 511 794 Discendi
532 731 611 794 haud
633 749 764 811 unquam
785 739 886 794 sotum
909 737 965 804 est,
987 730 1046 793 nisi
1069 749 1138 794 cum
1160 733 1249 796 unica
1271 733 1333 796 veri

369 841 433 903 Lux
455 840 505 904 illa
527 840 651 912 aeterni,
674 859 762 920 quem
784 849 865 903 extra
886 840 1048 920 spatierier
1067 841 1161 904 ullum

305 964 353 1018 tan
370 950 454 1012 llaud
477 951 576 1032 possit
595 969 708 1023 verum,
730 949 869 1014 tenebras
890 950 1070 1030 disperserit
1089 970 1205 1014 omues.
1482 956 1486 1075 p

372 1059 456 1122 Tunc
479 1060 531 1132 ibi,
555 1069 588 1123 ut
609 1060 639 1122 in
662 1060 765 1122 lustris
788 1061 861 1133 lem,
883 1068 968 1142 perta
989 1079 1063 1140 poce
1086 1061 1226 1142 quiescit,
1258 1143 1265 1160 ⁸
1482 1084 1485 1159 p

369 1169 434 1232 lloc
456 1170 544 1232 simul
566 1170 705 1250 attigerit,
730 1170 810 1251 quod
832 1169 929 1250 apisci
951 1178 998 1231 est
1019 1179 1087 1250 apta
1110 1169 1247 1234 incultas.

368 1279 443 1344 Nom
465 1299 553 1342 secus
575 1281 675 1342 omnis
696 1299 782 1342 amor
801 1298 902 1342 remm
924 1297 1108 1357 cognoscere
1130 1298 1254 1344 caussas

369 1390 481 1452 lnsitus
502 1390 654 1452 incessum
676 1391 763 1452 locet.
807 1389 901 1450 lstum
922 1397 1049 1469 propter
1068 1407 1210 1462 amorem,

304 1511 352 1564 125
369 1499 408 1562 Ut
429 1499 574 1572 scatebra,
597 1509 665 1562 ante
686 1499 781 1578 pedes
803 1498 865 1560 aeri
888 1499 1036 1562 scatentia
1057 1499 1151 1562 menti

369 1610 522 1690 Utrimque
545 1609 701 1687 ambiguae
722 1607 862 1687 emergit3
884 1619 1050 1689 neuuncque
1070 1618 1168 1672 mater

368 1719 432 1782 llln¹
445 1731 500 1792 ost,
523 1729 684 1782 extremum
705 1737 784 1798 queo
807 1717 900 1780 trudit
921 1718 958 1781 ed
980 1737 1075 1798 usque
1098 1736 1241 1782 cacumen

369 1829 413 1891 llx
435 1829 511 1890 colle
533 1828 564 1890 in
588 1825 707 1891 collem.
748 1828 805 1890 llic
826 1846 912 1890 amor
933 1839 988 1902 est,
1012 1829 1063 1908 qui
1086 1827 1227 1908 impellit,
1257 1835 1289 1890 et
1310 1827 1362 1892 hic
1382 1839 1434 1891 est
1479 1882 1481 1902 ,

370 1939 434 2001 lloc
457 1957 575 2019 quoque
598 1938 650 2020 qui
672 1936 779 2002 suadet
798 1945 839 2010 te,
862 1938 944 2012 Dim,
967 1957 1073 2018 rogere
1095 1938 1242 2012 scientem

304 2057 353 2108 13⁰
369 2047 442 2110 Nam
465 2067 513 2111 res
536 2056 584 2110 est
605 2046 732 2112 obscura
754 2047 838 2110 mihi.
861 2079 900 2094 -
922 2048 994 2111 Fert
1014 2047 1094 2112 seire
1115 2047 1235 2128 cupido,

369 2159 455 2231 Num,
478 2158 505 2220 si
528 2156 595 2239 quis
617 2157 678 2219 voti
700 2158 791 2220 luerit
811 2176 890 2232 reus,
913 2165 1063 2220 ettamen
1085 2157 1174 2220 istum

368 2267 476 2330 Plusve
496 2267 633 2330 minusve
655 2268 745 2330 iidem
766 2268 886 2330 taudem
907 2265 1035 2332 laesisse
1056 2268 1178 2339 locatur,

369 2379 424 2442 Sat
445 2379 543 2440 lacere
565 2378 592 2440 is
613 2376 700 2440 vobis
723 2377 822 2458 possit
843 2395 896 2440 suu
919 2395 975 2458 per
996 2376 1074 2440 benc
1096 2378 1175 2440 tacu

367 2487 498 2550 Alterius
519 2488 647 2566 generis,
668 2496 766 2550 vestra
788 2505 865 2568 quae
886 2487 972 2550 lance
993 2486 1160 2567 probentur

304 2608 352 2662 135
369 2599 437 2660 Non
458 2598 624 2661 minimum.
645 2631 688 2644 -··
710 2597 795 2660 Tunc
815 2615 864 2660 me
885 2597 948 2660 vise
971 2605 1019 2660 est
1038 2603 1176 2678 spectare
1195 2595 1340 2670 ΒιΑτιιιι,

368 2709 461 2771 Plena
483 2717 626 2788 utrosque
649 2707 753 2770 oculos
775 2707 894 2770 damma
916 2705 1057 2770 coelestis
1071 2706 1191 2770 'amosis
1471 2742 1474 2797 p
1558 2733 1559 2786 p

368 2818 505 2881 Divinum
527 2835 623 2897 usque
645 2816 720 2878 adeo
742 2817 773 2878 in
795 2834 919 2890 morem,
941 2825 984 2890 ut,
1006 2815 1080 2880 mihi
1102 2816 1211 2879 rubore
1232 2816 1316 2880 visus

367 2928 462 3000 Victo,
483 2938 566 3006 tenua
588 2927 698 2998 darent,
721 2926 940 3007 personamque
961 2925 1136 2990 declinarint

367 3037 502 3110 Lumina,
524 3035 757 3116 restiterimque.
780 3036 866 3115 quusi
887 3035 1092 3126 minusculis
1113 3053 1222 3098 essem

1471 2982 1559 3037 ,ψ

877 3298 917 3378 ll.

408 3477 441 3540 Si
464 3486 582 3558 praeter
603 3495 692 3558 quem
714 3485 794 3539 terra
814 3476 937 3538 modum
958 3475 1124 3555 cognoscit,
1144 3475 1281 3538 incestu

366 3587 473 3650 Cordis
495 3605 597 3650 amore
618 3587 677 3650 usti
697 3595 779 3650 tenta
801 3587 856 3650 tihi
877 3586 994 3666 fulgure
1016 3585 1094 3654 tuce.

365 3697 404 3760 Ut
424 3697 479 3759 tibi
497 3698 561 3779 jam
582 3697 676 3760 victus
697 3697 851 3760 oculomm
872 3696 950 3760 victe
971 3695 1094 3766 residat,

364 3807 433 3869 Noli
455 3806 613 3882 admireri3
635 3825 763 3887 namque
784 3807 843 3868 hou
864 3825 900 3868 ex
919 3806 1031 3870 robore
1051 3805 1134 3866 visus

331 3917 493 3980 5Peclecti
513 3917 605 3989 venit,
626 3917 713 3998 isque
734 3915 814 3990 citc3
837 3933 890 3979 sua
911 3923 1001 3995 prout
1021 3915 1099 3978 bons
1121 3913 1228 3984 noscit,

365 4026 490 4106 Cognita
511 4035 645 4088 venetur.
689 4025 782 4090 Video
800 4026 872 4107 jam,
895 4025 1071 4105 utlimpida
1093 4025 1155 4087 aeri

363 4135 484 4200 detemi
506 4135 560 4197 tibi
584 4136 632 4197 lex
653 4135 800 4216 splendet,
823 4155 900 4217 quae
921 4135 986 4198 sula
1008 4135 1130 4206 tuentis,

364 4245 433 4308 Vise
456 4245 558 4314 semel,
581 4255 711 4308 mentem
733 4246 890 4308 succendit
909 4263 1011 4308 amore
1032 4244 1169 4325 perenni.

364 4355 481 4430 Quodsi
502 4358 580 4418 lente
601 4355 681 4419 aliud
704 4363 833 4418 vestrum
857 4355 974 4418 seducit
993 4373 1136 4427 emonem,

861 4490 1469 4568 -—--...)
