3144 5164
264 424 266 442 ‹
317 391 380 453 366
777 395 913 446 rnurnrsr
930 394 994 444 ιιι.
1497 394 1499 473 j

263 508 266 555 Ι

385 615 443 690 Qui
465 633 548 695 prrus
570 615 651 678 hunc
672 613 765 676 nimio
789 623 949 674 currerunt
969 613 1114 693 pendere,
1136 621 1265 674 montes.

333 748 367 803 ³5
387 724 636 805 Quandoquidem
657 723 712 786 tibi
734 722 904 802 gratificans
927 722 1024 784 bouus
1047 723 1245 802 luduperctor

383 834 470 896 Hunc
492 834 542 896 det
564 851 768 912 congressum,
789 839 858 895 ente
880 831 995 895 obitum
1016 831 1049 893 iu
1070 831 1223 911 penetrate
1244 841 1369 912 recepto
1496 852 1499 873 ¹

383 943 522 1017 Interius,
545 943 692 1006 Comitum
713 931 800 1004 urba
821 942 975 1005 assidente
996 959 1130 1014 sucrum,

383 1053 429 1128 Ut,
452 1052 578 1116 simulne
599 1071 701 1114 rerum
722 1051 912 1132 perspexeris
933 1052 1021 1114 istius
1043 1050 1137 1123 cuiue,

383 1163 461 1244 Spes
483 1182 528 1236 ee,
551 1181 627 1243 quae
650 1162 682 1224 in
704 1162 792 1223 terris
814 1161 953 1225 homines
975 1159 1110 1222 incendit
1130 1177 1242 1229 umere,

332 1285 367 1338 ιι)
382 1273 446 1336 Hac
467 1272 521 1335 tibi
543 1291 600 1352 cpe
623 1281 712 1352 etque
734 1271 795 1333 tuie
816 1271 961 1334 solamina
982 1270 1063 1349 larga
1084 1268 1242 1337 ministret,

383 1383 438 1445 Dic
459 1401 524 1462 nge,
547 1382 618 1462 quid
641 1382 682 1443 eit
702 1399 783 1462 spes,
807 1382 910 1460 etqui
932 1399 1001 1444 sese
1021 1381 1149 1442 instruct
1171 1377 1221 1440 illa

383 1493 467 1556 niens
489 1501 547 1565 tua,
571 1501 602 1554 et
622 1489 703 1554 uude
723 1491 777 1552 tibi
800 1489 873 1553 eet?
895 1490 946 1552 Sic
968 1507 1060 1571 porro
1082 1491 1201 1552 damma
1223 1489 1368 1550 secunde.

424 1603 490 1665 Jam
511 1601 570 1682 pie,
593 1619 669 1681 quae
690 1599 807 1664 monuit
826 1609 887 1662 ιιιιι
908 1601 1001 1662 altum
1023 1607 1137 1662 tentare
1158 1597 1297 1670 volutum,

383 1705 506 1792 duxque
527 1710 603 1772 meis
625 1711 722 1772 iuerat
741 1709 860 1791 pennis,
883 1710 928 1772 cic
948 1717 1076 1790 occupet
1096 1709 1191 1772 uitro:

332 1827 367 1882 tt
383 1821 505 1882 Munere
527 1819 649 1882 militiae
671 1819 794 1899 defungi
816 1819 944 1884 ecclesie
965 1827 1033 1882 nete

382 1929 505 1992 Plenius
527 1929 606 1992 haud
629 1947 808 2010 quemquem
830 1936 1001 2009 sperantem
1023 1926 1167 2007 possidet,
1190 1935 1224 1990 ut
1244 1936 1304 1989 stet

382 2039 534 2120 Scriptum
555 2039 587 2102 in
608 2037 673 2100 cole
694 2037 745 2100 illo
767 2047 859 2101 tutem
881 2039 959 2100 hane
979 2037 1114 2100 radiante
1135 2055 1191 2118 per
1211 2037 1329 2112 eulem3

384 2150 483 2225 Quare
505 2167 542 2211 ex
562 2150 694 2230 Aegypte
717 2149 805 2210 detur
824 2147 895 2210 huic
917 2148 1036 2228 Solyma
1057 2146 1165 2226 inelyte
1187 2147 1280 2220 edire,

382 2260 458 2321 Ante
481 2277 498 2320 e
520 2258 626 2320 militia
648 2277 738 2338 quem
758 2259 799 2320 sit
819 2258 1010 2338 requiescere
1029 2256 1133 2338 jussus

332 2375 366 2430 tt
382 2369 447 2431 Hoc
468 2368 606 2448 primum.
649 2367 704 2430 llic
725 2368 794 2441 duc,
818 2385 895 2448 quae
917 2385 978 2429 non
999 2367 1133 2430 eeiteudc
1148 2365 1298 2440 videntur,

382 2476 421 2540 Ut
441 2478 543 2551 eciam,
567 2485 650 2540 utut
670 2478 791 2547 referet,
814 2495 904 2557 quam
925 2477 966 2540 cit
985 2475 1040 2538 tibi
1061 2475 1197 2538 cmnbdis
1220 2475 1276 2538 istc

316 2604 322 2616 ·
380 2587 491 2662 Virtus,
513 2587 583 2650 huic
604 2587 755 2667 linqunm3
777 2605 853 2668 quae
876 2605 932 2650 nec
952 2586 1044 2649 nimis
1064 2585 1156 2649 ardue
1177 2585 1281 2658 menti,

381 2695 444 2758 Nec
466 2696 526 2758 sint
547 2704 616 2777 epta
637 2697 729 2760 nimis
750 2697 901 2760 dicentem
921 2697 1028 2758 inflare
1048 2706 1187 2769 tumere3

379 2805 419 2868 Et
439 2807 491 2868 det
511 2806 548 2869 ad
570 2807 645 2868 haec
666 2806 747 2869 idem
767 2825 931 2886 responsu
953 2813 1042 2886 etque
1062 2824 1081 2867 ι
1101 2787 1190 2868 Petre
1210 2806 1312 2869 lumen

331 2924 364 2979 55
380 2918 492 2978 discret
510 2915 569 2978 hoc
590 2915 661 2996 ipsi.
681 2947 725 2962 —
744 2917 784 2978 Ut
803 2915 937 2980 ductoris
958 2915 1048 2978 verbe
1068 2915 1239 2978 secundans

381 3026 478 3088 Corde
499 3025 599 3100 alacri,
621 3037 710 3106 etque
730 3025 848 3098 lubens,
871 3026 907 3088 nd
931 3044 1006 3105 qune
1027 3033 1245 3106 ermpertus,
1268 3026 1414 3100 alumnus,

380 3135 424 3198 Ne
446 3153 501 3198 eun
522 3136 567 3198 ris
589 3137 679 3199 istum
700 3135 798 3211 intent,
820 3136 867 3199 sic
889 3154 942 3198 cra
961 3133 1087 3198 resciri:

380 3247 458 3326 Spes
479 3253 537 3308 etet
558 3247 590 3307 iu
611 3247 690 3308 hcc:
712 3247 809 3310 Vitem
830 3255 913 3308 certo
935 3251 1109 3325 exspectare
1129 3244 1276 3320 futuram

312 3369 316 3378 '
380 3356 467 3431 Quod
490 3357 525 3419 iit
544 3357 634 3418 dante
655 3357 718 3419 lieo
740 3364 770 3418 et
791 3355 906 3418 meritis
928 3355 1108 3418 simulante
1129 3354 1250 3434 paretis.

328 3472 363 3527 tc
378 3465 460 3528 istud
483 3474 531 3528 set
550 3465 651 3528 multis
673 3465 746 3528 mihi
766 3465 849 3528 venit
868 3465 969 3528 iumen
991 3463 1028 3528 ab
1050 3463 1158 3536 cetris3

378 3574 416 3637 Αι
436 3576 518 3654 prior
539 3575 600 3650 ilie,
621 3576 707 3638 ducis
728 3575 836 3638 summi
859 3575 911 3655 qui
933 3593 1067 3637 summm
1088 3573 1215 3637 hahetur

378 3683 497 3757 Cantor,
519 3703 604 3765 spem
626 3686 699 3748 mihi
721 3685 806 3748 ccrdi
826 3685 906 3746 hene
926 3683 1089 3758 instillavit,
1111 3683 1164 3746 ubi
1185 3683 1293 3762 iuuerit,

376 3792 478 3856 Laude
498 3794 592 3856 iteum
613 3795 785 3858 celebrans:
808 3793 846 3857 in
869 3807 898 3858 tc
919 3807 1026 3858 euecta
1047 3795 1126 3858 edita
1147 3805 1279 3875 sperent.

380 3903 466 3978 Quae
485 3921 593 3966 cumen
613 3923 725 3966 eccm
746 3897 851 3968 tuem!
874 3904 949 3977 Quis
970 3921 1062 3968 ncese
1083 3903 1214 3983 negeb'm,

319 4017 359 4073 ct
376 4013 452 4076 Itum
473 4010 564 4074 fldem
585 4013 703 4094 etipse
723 4032 821 4076 mecm
842 4013 968 4094 tepeat?
991 4015 1055 4076 Tua
1077 4013 1205 4095 epistola
1227 4013 1313 4076 cordi

375 4122 460 4184 Hauc
481 4121 637 4184 instillavit
657 4131 728 4204 poet
747 4123 838 4197 hune,
859 4133 892 4187 ιιι
913 4124 1001 4205 copie
1021 4123 1170 4188 ebuudem

375 4232 469 4312 inque
490 4231 565 4294 elice
585 4221 714 4294 ventrem
735 4232 865 4314 pluviem
886 4243 994 4316 specte
1015 4235 1081 4316 ipee
1103 4234 1271 4297 refundam.
1316 4225 1321 4232 ’

418 4341 498 4404 ilaec
519 4359 573 4440 me,
589 4342 681 4417 ιιιιιι,
703 4342 785 4406 nitur
805 4343 922 4406 subitus
944 4343 1110 4425 creberque
1130 4342 1259 4407 micabat
