3124 5170
538 461 732 514 tumultuante
750 463 805 513 xvl.

179 681 390 743 Gumocnsam
412 679 517 742 habuit
538 699 662 753 nomen,
685 681 861 744 (iustumne
882 690 1022 761 nepotem

131 793 162 846 35
179 793 276 866 Quem
297 791 377 852 bona
398 790 478 852 lasse
500 809 588 852 suum
610 798 665 852 cst.
708 791 783 852 Ilum
805 789 897 852 movit
918 791 1041 872 spiritus
1064 799 1154 865 artus,

177 901 309 963 Plurima
332 898 468 962 consiliis
489 899 539 960 hic
561 899 668 977 gessit,
690 900 818 979 plurima
840 901 930 962 lerno.

177 1011 272 1084 Alter,
297 1010 348 1091 qui
370 1027 465 1090 prope
487 1028 535 1071 mc
558 1017 665 1071 tcmam
687 1008 772 1082 terit,
794 1011 985 1072 Anuosnumi

179 1119 319 1192 Tuscus,
343 1119 429 1200 cujus
451 1117 619 1197 gratissima
642 1117 777 1180 habende
797 1117 916 1199 loquela

178 1230 267 1291 Esset
288 1229 367 1309 apud
389 1235 513 1291 vestros.
556 1227 634 1306 ligo,
658 1227 708 1306 qui
729 1245 789 1290 una
812 1236 953 1308 torqueor
973 1229 1072 1301 isthic,

131 1342 164 1394 to
178 1339 362 1400 llusmccnos
384 1339 492 1412 lacem
515 1346 545 1400 et
566 1346 647 1398 certe
668 1335 780 1398 mistica
801 1338 908 1418 conjux

178 1449 249 1511 Plus
272 1448 366 1522 mihi,
390 1465 478 1529 quam
501 1447 663 1528 quidquam
685 1447 787 1527 pejus,
809 1448 951 1510 nocuisse
972 1449 1103 1529 pumnda
1124 1457 1179 1512 est.

221 1558 254 1622 Si
276 1566 356 1620 tecto
378 1557 514 1620 dammae
536 1555 672 1619 licuisset
693 1557 750 1618 tela
773 1556 883 1630 subire,

178 1669 225 1730 lre
247 1669 304 1732 suh
326 1666 477 1747 amplexus
499 1667 604 1728 horum
627 1666 684 1729 luit
705 1665 832 1747 impetus
854 1667 969 1746 iugens,

178 1779 271 1859 ldque
294 1795 378 1840 meus
400 1776 518 1850 doctor,
542 1776 572 1838 ni
595 1775 698 1850 lallor,
721 1777 798 1838 forte
819 1777 955 1851 tulissct3

131 1895 162 1948 tlt
179 1889 238 1952 Sed
261 1887 331 1968 quia
353 1886 393 1948 mi
416 1895 533 1948 torrens
555 1885 685 1948 coxisset
706 1887 823 1948 damme
844 1885 998 1960 medullas,

178 1999 224 2060 lle
246 1997 325 2058 bona
348 1995 496 2068 destituit,
519 2004 679 2076 superante
700 2014 825 2076 pavore,
848 1995 993 2070 voluutas,

179 2108 264 2182 Quae
286 2105 427 2186 cupidum
448 2103 561 2167 urebat
604 2105 679 2168 lleiu
701 2105 771 2168 talia
792 2113 914 2185 pectore
936 2105 1015 2168 ludi:

178 2219 301 2280 Vestrae
322 2214 453 2278 conditio
476 2215 567 2276 sortis
588 2215 662 2277 mihi
683 2215 774 2277 corde
796 2215 939 2288 dolorem,

178 2329 245 2390 lion
267 2327 383 2398 odium,
405 2324 501 2388 inlinit
521 2325 581 2398 sio,
603 2332 636 2386 ut
653 2325 716 2406 jam
738 2325 835 2387 serius
856 2325 909 2386 illo

132 2439 163 2491 ⁵⁰
180 2437 309 2500 Omnino
332 2434 496 2515 exspolier,
519 2434 643 2498 simulac
664 2453 765 2498 comes
787 2453 839 2497 ore
860 2434 993 2515 loquelas

178 2547 292 2610 Effudit
313 2545 402 2618 tales,
426 2544 522 2606 claros
544 2553 577 2607 ut
598 2545 705 2606 edesse
727 2544 848 2608 doceret

178 2657 341 2720 Nobilitate
363 2655 458 2728 vinos,
481 2653 583 2735 quales
604 2673 658 2714 vos
679 2673 774 2734 usque
796 2655 905 2717 fuistis.

182 2769 283 2829 Vestra
306 2765 362 2828 luit
382 2764 455 2826 mihi
478 2771 556 2827 terra
577 2781 702 2844 parens,
724 2777 755 2826 ct
776 2774 893 2845 tempus
915 2765 947 2826 in
969 2782 1066 2836 omne,

180 2877 247 2939 Non
269 2875 335 2938 sine
356 2875 470 2937 honore
491 2873 559 2954 pio,
582 2874 690 2936 decors
714 2875 771 2936 ulta
793 2882 823 2937 ct
844 2875 965 2936 nomina
987 2891 1093 2952 magna

134 2991 165 3044 ⁵5
182 2989 283 3050 Vestra
306 3002 366 3063 ego
384 2983 545 3063 descripsi,
567 2983 771 3065 studiosisque
793 2985 913 3047 auribus
935 2983 1031 3046 hausi.

180 3097 279 3159 l'riste
301 3114 356 3174 ego
377 3094 418 3155 iel
440 3093 560 3174 linquo,
584 3101 615 3156 et
636 3093 802 3173 quaesitum
824 3094 922 3157 dulcia
944 3112 1032 3174 poma

178 3208 371 3287 Appropero,
394 3202 468 3265 mihi
490 3222 565 3283 quae
588 3203 735 3282 promittit
756 3203 881 3267 idoneus
904 3212 1021 3278 auctor3

181 3315 240 3378 Sed
262 3315 391 3396 primum
409 3313 520 3394 jubeor
539 3321 673 3376 centrum
695 3313 928 3376 descenderem
950 3313 1052 3376 imum.

223 3424 275 3487 Sic
297 3433 347 3486 tua
369 3423 451 3486 felici
473 3423 600 3486 deducat
621 3423 745 3503 spiritus
768 3441 838 3486 aura

134 3542 166 3594 to
181 3535 311 3598 llembra
333 3533 404 3606 diu,
427 3532 516 3606 dixit;
538 3532 582 3594 sic
603 3539 723 3612 postte
745 3532 856 3612 fulgida
879 3533 957 3596 lama

182 3645 227 3706 Sit
249 3652 314 3718 tua3
338 3642 401 3716 dio,
425 3661 463 3705 en
484 3633 581 3704 adhuc
601 3650 704 3704 nostra
725 3651 912 3706 remorentur
934 3643 964 3706 in
987 3643 1059 3707 urbe

181 3753 310 3817 llumani
331 3771 446 3826 mones,
469 3752 636 3814 animomm
657 3759 687 3814 et
707 3752 838 3814 mascula
859 3753 962 3827 virtus,

183 3865 219 3926 Ut
240 3864 332 3935 solet,
355 3881 393 3924 an
416 3871 518 3924 contra
539 3879 664 3942 prorsus
685 3862 798 3940 fugisse
821 3861 978 3924 locantur?

182 3973 315 4053 Namque
337 3971 509 4034 Gomsuuos
531 3972 713 4045 Boasnntus,
738 3971 835 4034 incola
859 3991 967 4034 arenae

135 4083 301 4146 attinentis
322 4101 434 4156 novus,
457 4088 487 4142 et
509 4082 626 4144 turbam
647 4081 805 4144 comitatus
827 4090 956 4154 euntem,

184 4193 256 4254 llum
278 4192 425 4272 permulta
447 4193 553 4265 relect,
575 4201 695 4254 nostras
717 4191 801 4254 valdo
822 4200 943 4272 asperat
964 4209 1060 4254 aures.

184 4301 261 4364 Gcns
284 4321 379 4374 nova,
401 4311 465 4366 tum
486 4301 594 4364 subitis
617 4309 759 4380 congesta
780 4301 907 4382 pecunia
929 4300 1029 4374 lucris,

184 4409 219 4472 te
240 4411 347 4475 fastum
369 4421 400 4474 et
420 4412 519 4476 luxum
541 4411 752 4486 immodicum,
773 4411 941 4485 Florentia,
965 4412 996 4473 in
1016 4409 1089 4472 urbe
