3124 5170
318 695 351 747 3⁰
367 687 404 747 Et
425 686 511 748 dudit
531 686 650 748 sulcos:
674 695 776 746 octava
800 695 843 747 tot
863 686 994 766 undique
1017 687 1143 749 flammis

367 796 499 857 Lucebat
518 797 621 876 balga,
644 805 677 857 ut
699 795 797 867 sensi,
820 794 908 857 simul
931 803 1019 875 atque
1040 797 1153 877 potitus

368 906 439 967 Sum
459 907 542 979 loco,
566 906 616 967 uhi
638 906 695 966 iura
718 904 790 966 mihi
814 904 909 984 patuit
931 905 1087 966 manifesta
1108 923 1227 984 vorago.

367 1015 462 1094 Atque
484 1024 532 1088 ut,
555 1015 606 1094 qui
629 1015 778 1094 quondam
802 1023 847 1075 est
868 1013 948 1074 ursis
970 1013 1117 1076 ultoribus
1140 1033 1220 1086 usus,

366 1123 485 1186 Viderat
505 1125 597 1185 Eunu
620 1123 775 1186 abeuntem
798 1131 939 1202 praepete
962 1141 1050 1184 curru

316 1241 348 1294 ³5
366 1233 463 1306 Tunc,
487 1253 553 1296 cum
577 1233 741 1313 quadrijugi
765 1233 918 1312 arripuere
940 1252 995 1311 per
1016 1239 1084 1293 aera
1107 1232 1220 1304 callem,

366 1341 460 1414 Quem
483 1363 542 1403 uon
565 1343 611 1404 sic
633 1343 712 1403 acies
736 1350 852 1422 poterat
874 1359 991 1405 servare
1013 1342 1175 1422 sequentis,

295 1504 298 1519 ,
365 1452 401 1512 tu
422 1461 541 1531 praeter
562 1453 708 1513 llammaur
730 1452 900 1523 salientem,
924 1450 1012 1512 nubis
1035 1451 1072 1512 ad
1094 1450 1197 1522 instar,

365 1560 448 1621 Haud
471 1544 631 1641 quidquam
654 1561 817 1640 aspiceret:
840 1559 885 1621 sic
906 1561 1021 1638 singula
1043 1559 1160 1621 tiammo
1183 1577 1237 1637 per
1259 1561 1374 1641 amplas

365 1671 476 1732 Fossae
497 1670 559 1732 ibat
580 1672 695 1743 lauces,
718 1680 751 1731 ut
772 1671 881 1730 lurtum
905 1669 981 1731 lraud
1005 1669 1145 1748 proderet
1167 1668 1242 1742 ulla3

315 1790 349 1841 att
365 1780 554 1858 Flammaque
576 1781 744 1841 damnatum
767 1777 905 1839 subducit
926 1777 1077 1858 quaelihet
1098 1795 1198 1840 unum.

409 1889 441 1950 lu
464 1889 555 1967 digito
579 1897 726 1961 arrectus,
749 1888 847 1949 studio
870 1887 1040 1948 stimulante
1062 1887 1191 1960 ridendi,

367 1998 417 2060 Sic
438 1999 522 2078 ponti
545 1997 724 2070 institeram,
748 2005 794 2070 ut,
817 1997 848 2057 ni
871 2006 986 2059 cautem
1007 2015 1075 2058 cura
1100 1997 1207 2060 luisset

365 2107 510 2169 Prensare
532 2125 664 2178 exesam,
687 2107 769 2168 nullu
791 2107 934 2186 pellente,
957 2105 1072 2168 ruinam

366 2217 544 2278 Traxissem.
587 2218 625 2278 At
646 2217 766 2290 ductor,
790 2217 840 2296 qui
863 2235 910 2277 me
933 2215 1051 2277 sicera
1074 2224 1223 2278 tenentem

314 2337 348 2390 45
365 2326 485 2388 Viderat
505 2327 665 2396 intentum,
688 2326 776 2388 dixit:
800 2328 960 2386 Versantur
981 2325 1012 2385 iu
1034 2324 1093 2385 illis

365 2436 499 2497 inclusae
520 2435 648 2498 dammis
670 2436 801 2508 ouimae3
825 2453 883 2514 quo
905 2434 1086 2504 incenditur,
1110 2435 1178 2513 igne

365 2545 485 2623 Singula
508 2565 575 2624 sese
597 2546 707 2607 amicit.
752 2545 794 2605 Te
817 2544 885 2606 talia
908 2544 1006 2614 sante,
1029 2543 1176 2623 loquelam

365 2653 414 2715 Sic
437 2653 527 2714 solui:
551 2655 575 2716 0
598 2655 716 2725 doctor,
739 2655 827 2715 modo
851 2655 884 2714 fit
904 2653 977 2714 mihi
1000 2654 1110 2716 certius
1132 2653 1222 2726 istud,

366 2762 451 2836 Quod
474 2763 556 2841 prius
578 2763 689 2824 adverti
712 2782 766 2842 per
787 2783 851 2836 me;
874 2764 919 2824 sic
940 2781 1007 2824 narn
1031 2781 1097 2824 esse
1120 2763 1269 2843 putabam,

315 2879 348 2930 att
364 2871 401 2932 Et
422 2871 555 2933 dicturus
576 2891 672 2934 eram:
696 2889 839 2951 quaenam
862 2871 911 2932 illa
934 2872 964 2933 iu
986 2872 1096 2934 vertice
1117 2874 1234 2934 llamma

365 2981 416 3042 Sic
438 2980 542 3053 bilida,
565 2981 740 3052 adveniens,
764 3001 839 3062 quae
862 2981 1026 3044 surrexisse
1047 2981 1162 3045 videtur

265 3070 268 3078 ¹
365 3091 407 3151 Ex
428 3109 518 3169 rogo,
543 3090 591 3152 ubi
615 3091 785 3171 impositum
808 3091 911 3152 dicunt
930 3091 1041 3153 arsisse
1063 3092 1209 3154 minorem

365 3200 437 3262 Cum
461 3201 550 3262 tratre
572 3197 769 3262 Oanrronau?
790 3235 830 3246 —
852 3200 940 3263 lledit
960 3201 1034 3261 haec
1056 3219 1200 3280 respousa
1221 3202 1381 3282 magister:

365 3308 494 3372 Trnrnss
517 3310 579 3372 illic
599 3311 748 3372 cruciatur
769 3318 798 3372 et
820 3329 889 3372 acer
910 3310 1060 3372 Uarseas:

316 3427 349 3478 55
365 3419 416 3481 Sic
438 3419 525 3481 simul
548 3418 578 3481 iu
601 3437 713 3498 poenas
735 3427 906 3490 excurrunt,
930 3420 1007 3480 sicut
1029 3419 1058 3482 in
1082 3420 1150 3484 iras.

365 3528 456 3608 lnque
481 3527 536 3589 ista
559 3531 675 3590 damma
697 3527 834 3604 lugentur
855 3529 962 3589 robore
984 3530 1054 3591 texti

364 3636 493 3698 lusidiae
516 3637 629 3699 iaflacis
651 3638 735 3717 equi,
759 3657 813 3717 per
834 3656 922 3717 quem
943 3647 989 3698 est
1010 3639 1077 3700 data
1099 3647 1194 3720 porta,

366 3743 408 3806 Ex
431 3764 487 3824 qua
509 3747 687 3808 lloxucruuu
708 3747 857 3827 processit
878 3748 978 3809 nobile
1000 3767 1111 3812 semen.

367 3855 421 3916 Hic
443 3874 491 3916 ars
513 3857 609 3918 flenda
631 3857 725 3930 veuit,
748 3875 911 3936 perquam
934 3877 1052 3937 quoque
1073 3867 1188 3922 mortua
1209 3859 1367 3922 Acastus!
1471 3846 1474 3867 '

318 3979 351 4031 att
368 3965 511 4026 Darnaxux
533 3965 638 4026 dolens
659 3967 802 4046 suspirat,
826 3985 981 4046 poenaque
1002 3987 1088 4029 sacro

367 4073 499 4136 Palladio
521 4087 566 4136 sat
584 4074 663 4154 justa
686 4076 780 4137 datur.
825 4076 909 4138 Tuon
930 4095 981 4137 ora
1004 4077 1165 4139 resolvens:

367 4185 559 4263 Praeceptor,
582 4183 658 4256 dixi,
681 4183 707 4244 si
730 4203 763 4246 ex
786 4185 845 4246 illis
867 4187 943 4248 torte
966 4186 1072 4248 favillis

367 4293 481 4356 llittere
503 4294 590 4356 uerba
613 4302 724 4372 queunt
746 4294 810 4367 isti,
832 4295 926 4373 magis
948 4315 1001 4358 oro
1024 4315 1199 4377 precorque,

368 4406 462 4484 Atque
484 4403 557 4464 baec
578 4402 659 4465 mille
681 4422 786 4483 preces
808 4403 902 4466 valeat
923 4425 1009 4486 prex:
1033 4406 1151 4479 desine,
1176 4425 1298 4486 quaeso,
