3142 5166
76 331 682 361 ’,ι-..μ

74 380 78 485 ἰ
563 387 743 438 ruuuuuoutt
762 389 818 438 xit.

73 500 77 663 ,
185 609 293 671 Nobile
315 605 474 686 virgultum
495 621 689 668 succrescere
709 605 922 669 Baaomourmr

185 717 381 797 Progenitum
402 715 501 777 Fusco
520 715 584 796 jam
605 723 668 777 tota
690 715 833 778 Faventia
855 727 964 779 narrat.

125 847 169 898 lou
227 829 339 890 Desine
362 824 465 888 mirari
488 826 618 898 flentem,
642 833 706 888 sate
726 825 872 905 sanguine
894 827 1051 898 Hetrusca

186 939 260 1000 Cum
284 936 411 998 memori
433 933 552 996 Guroorr
573 953 612 995 na
634 934 733 996 Purra
755 943 845 1016 aluric
862 936 1040 998 anournurr

185 1047 285 1108 llerrte
307 1045 404 1108 colam
426 1044 588 1118 Acrracuu,
611 1044 724 1106 nostris
748 1046 798 1123 qui
820 1044 902 1122 degit
924 1045 954 1106 in
977 1047 1054 1121 oris,

186 1157 225 1218 Et
248 1167 315 1218 cum
337 1156 503 1217 Farnnrcurr
525 1154 679 1216 Tronosou
701 1164 802 1216 mente
825 1155 966 1216 recordor

186 1267 283 1346 lltque
305 1265 395 1346 hujus
417 1263 537 1338 socios;
561 1281 628 1326 cum
650 1263 841 1326 Tmrnnsana
861 1275 996 1327 recursat

125 1386 170 1440 loo
187 1376 274 1438 Clara
296 1373 404 1436 domus
424 1373 528 1448 menti,
550 1390 617 1434 cum
640 1389 749 1434 nomen
771 1375 1007 1448 Auusrrsroauu,

188 1486 318 1566 Utraque
341 1501 414 1563 gens
437 1445 566 1563 quorum
585 1483 663 1544 lacta
685 1489 731 1542 est
750 1482 841 1543 modo
864 1483 996 1546 nominis
1018 1485 1134 1560 haeres,

186 1595 340 1658 Matronae
362 1605 452 1674 atquc
474 1591 601 1674 equites,
623 1590 722 1654 studia
742 1591 850 1654 horum
871 1591 983 1680 sedula,
1007 1607 1125 1660 centum

187 1704 361 1778 Commodo,
383 1701 563 1766 sollicitante
583 1700 680 1762 virum
701 1701 878 1781 praecordia
900 1719 1011 1778 amore,

185 1815 224 1877 Et
244 1833 337 1878 sensu
358 1813 498 1886 humano,
522 1829 598 1891 quae
620 1817 830 1872 contraversa
853 1811 999 1875 nefaudos

126 1929 171 1984 llll
186 1925 337 1988 lntlucunt
357 1939 470 1985 mores.
515 1919 604 1994 Quid,
626 1919 805 1994 Bacrmom,
828 1921 966 1996 moraris,

187 2033 283 2098 Gente
305 2041 355 2096 tua
375 2049 505 2110 egressa,
526 2030 628 2092 multis
649 2048 685 2092 ex
705 2029 780 2092 urhe
803 2031 924 2106 secutis,

186 2142 327 2224 lmproba
349 2161 387 2204 ne
409 2138 482 2203 liat?
504 2139 565 2204 Sed
587 2139 744 2202 erithone
765 2141 1006 2216 Baonocrvmeo,

185 2253 272 2316 Haud
295 2252 436 2332 genuisse
457 2267 564 2312 noram
585 2249 711 2329 prolem,
733 2250 811 2312 male
833 2251 1037 2325 cleronome,

73 2398 78 2453 Ιι
186 2363 225 2425 Et
246 2362 333 2444 pejus
357 2361 460 2434 Coruo,
482 2359 608 2422 ulterius
631 2358 682 2438 qui
704 2359 826 2438 gignere
848 2369 952 2422 curant

125 2482 171 2535 llo
187 2472 261 2534 Tale
283 2491 378 2550 genus
400 2470 561 2532 Comitum.
605 2467 638 2530 si
661 2480 770 2548 quanto
791 2471 924 2532 Daemon
947 2470 1050 2544 abibit,

186 2581 316 2661 Pegasis
337 2580 415 2644 bene
437 2579 502 2652 erit,
526 2577 581 2642 scd
603 2597 664 2640 non
686 2578 764 2640 vitae
786 2579 909 2659 integer,
932 2581 1013 2642 omni

187 2691 269 2754 Labe
293 2705 408 2762 carens,
430 2689 539 2752 horum
559 2695 702 2750 nascetur
722 2689 868 2767 sanguine
889 2689 984 2752 testis.

231 2801 256 2863 0
278 2801 468 2862 Fanronmae
489 2798 588 2878 gentis
611 2799 712 2872 deon,
734 2798 880 2870 Usuerna,

71 2876 75 3021 ⁴
187 2911 268 2973 Luce
290 2919 373 2972 tuum
394 2927 504 2978 nornen
525 2915 588 2970 luta
610 2906 734 2987 fulgebit
755 2907 787 2970 in
810 2926 898 2971 omne

124 3029 171 3082 tw
185 3021 309 3094 ilerum,
331 3038 367 3081 ex
389 3037 448 3099 quo
470 3017 565 3099 prolis
586 3017 641 3080 tibi
663 3034 733 3098 spes
755 3017 865 3080 amissa
888 3019 1004 3082 litturae
1025 3029 1081 3094 ost,

187 3129 271 3204 Quae
293 3128 347 3190 tibi
370 3128 556 3207 degenerans
579 3127 708 3190 obducat
727 3126 795 3190 labe
816 3127 955 3190 nitorem.

185 3241 305 3314 Verum,
328 3238 458 3310 Taosce,
480 3237 570 3302 abeas
588 3237 659 3318 jem,
683 3255 752 3300 nam
773 3255 859 3317 mage
881 3237 1006 3300 tundere
1028 3239 1116 3302 lictus

186 3350 314 3422 Interea,
338 3365 427 3427 quam
448 3347 538 3410 verba
556 3347 656 3429 jurat3
678 3347 724 3409 sic
744 3355 866 3428 pectora
886 3348 999 3428 pressit

186 3459 292 3522 lleetra
313 3455 386 3520 milri
408 3457 494 3520 ratio.
536 3455 641 3537 Neque
663 3466 728 3519 crat
748 3475 834 3520 mene
855 3457 959 3520 nescia
981 3455 1069 3520 nobie

122 3577 169 3632 125
185 3568 297 3631 souitu
319 3567 480 3630 instructas
501 3565 639 3629 abeundo
660 3566 739 3629 haud
761 3565 863 3630 tallere
883 3584 975 3648 posse

70 3614 74 3795 Ι
185 3677 318 3742 Dilectae
340 3675 474 3751 animas3
497 3695 589 3757 quare
610 3695 715 3739 rocem
737 3695 789 3739 om
810 3677 985 3756 premendo,

184 3785 372 3849 Addiderant
393 3786 525 3849 animum
547 3785 627 3848 haud
648 3794 719 3848 nota
740 3787 862 3865 regione
883 3788 998 3850 riarium

70 3816 74 3969 Ι
187 3895 327 3960 confine.
349 3927 390 3940 -
412 3895 574 3976 Postquam
596 3905 644 3958 est
665 3895 753 3957 nohis
776 3896 844 3958 data
867 3897 953 3978 copia
976 3899 1067 3961 cundi

69 3972 73 4173 ,
186 4005 278 4079 Solis,
298 4005 363 4066 risa
384 4005 442 4066 luit
461 4023 518 4068 vox
539 4012 608 4068 aera
629 4005 743 4069 findere
765 4006 802 4068 ad
824 4004 921 4068 instar

118 4125 170 4178 lto
185 4113 337 4193 Fulguris,
361 4113 519 4176 incursans
540 4116 665 4179 adversa
688 4131 723 4178 ac
745 4115 814 4178 otia
836 4117 912 4178 lata:

69 4198 72 4331 Ι
184 4224 281 4288 liedet
301 4241 350 4286 me
372 4223 432 4287 leto
455 4224 592 4306 quisquis
613 4243 662 4288 me
684 4225 821 4288 ollenclit!
845 4233 876 4288 ot
896 4243 956 4288 uno

69 4373 71 4437 4
185 4335 337 4414 Tempore
359 4349 415 4396 ceu
437 4333 577 4408 tonitrus,
600 4334 661 4415 qui,
684 4335 780 4399 scissa
799 4335 889 4411 nube,
911 4343 1035 4417 repento
1303 4336 1306 4350 '
