3116 5162
234 1926 268 1986 at
295 1914 491 1990 divendandi
514 1917 847 1992 honorificentissime
871 1917 1047 1990 offerretur
1067 1928 1101 1990 et
1122 1918 1347 1992 mandaretur.
1383 1919 1484 2006 Quod
1552 1935 1553 1938 ’

233 2031 367 2129 quidam
381 2057 515 2127 munus,
531 2045 565 2108 at
589 2037 678 2134 quod
705 2037 776 2134 ipsa
803 2033 933 2109 divinae
959 2034 1070 2132 poesis
1096 2058 1209 2108 amora
1236 2036 1358 2110 mirum
1376 2062 1486 2136 quan·

233 2161 304 2224 tum
331 2161 447 2224 teneor
473 2162 507 2227 at
528 2156 617 2253 quod
642 2156 732 2230 nullo
748 2179 816 2228 non
839 2165 986 2252 tempora
1009 2153 1118 2226 studia
1139 2153 1338 2252 optimarum
1360 2157 1487 2230 artium
1552 2191 1553 2270 i

232 2281 324 2366 parta
340 2294 400 2370 pro
417 2272 501 2344 virili
524 2272 594 2370 juvi
614 2285 648 2348 at
663 2274 824 2372 promovi,
850 2273 960 2348 animo
983 2269 1203 2346 libentissimo
1226 2281 1419 2372 susceptum
1438 2274 1489 2348 ita
1552 2279 1553 2357 i

233 2401 409 2464 exsecutus
432 2415 518 2485 sum,
544 2405 579 2465 ut
604 2394 685 2466 nulli
709 2393 819 2466 officio
845 2416 898 2465 me
921 2391 1068 2465 defuisse
1094 2390 1243 2488 profiteri
1266 2389 1404 2486 possim„

333 2508 455 2605 Accipe
475 2510 588 2604 igitur,
614 2511 774 2582 Paracsrs
796 2509 1031 2602 ssaamssma,
1059 2507 1156 2600 hanc,
1183 2531 1266 2606 quaa
1285 2532 1358 2581 maa
1377 2509 1486 2606 quaii-

233 2649 364 2722 cunqua
382 2649 482 2722 opera
497 2627 531 2697 in
550 2626 719 2721 pubiicum
734 2626 856 2724 prodit,
877 2625 1010 2698 maximi
1028 2636 1145 2722 poetae
1165 2625 1268 2698 italici
1285 2627 1486 2724 interpreta-

233 2742 358 2814 tionem
379 2741 550 2836 Latinam,
584 2744 696 2841 accipe
728 2767 846 2816 serana
878 2743 1006 2836 irorata,
1037 2743 1133 2842 aequi
1160 2743 1306 2841 bonique
1332 2747 1486 2840 consule,

233 2860 335 2934 rebus
363 2861 447 2934 mais
477 2861 587 2934 savera
615 2885 718 2959 perge
747 2871 845 2960 atqua
872 2863 907 2936 in
935 2862 1080 2934 nominis
1112 2861 1268 2936 Saxonici
1306 2885 1486 2938 ornamen-
1553 2844 1554 2859 ¹

235 2989 325 3072 tum,
351 2979 606 3074 incrementam,
638 2981 898 3054 emolumentum
919 2981 976 3054 diu
998 2979 1108 3056 salvus
1136 2992 1170 3054 at
1196 2981 1373 3056 incolumis
1397 2983 1486 3078 riva,

234 3099 328 3194 vige,
355 3095 456 3172 flore!

336 3232 464 3330 Scripsi
483 3233 616 3330 Lipsiae
644 3231 757 3308 idibus
778 3233 943 3310 Ianuariis
966 3259 995 3308 a.
1024 3235 1129 3310 1848.

874 4091 982 4178 Gaii.
1008 4093 1200 4180 amiras.
1226 4093 1378 4180 Barth.
