3124 5170
71 517 74 581 ἱ
538 465 734 518 1111111111οΜ11
751 469 802 520 xlx

71 584 73 633 Ι
627 601 635 636 t

70 650 73 785 1
179 685 230 747 Sie
252 703 308 764 ego
329 683 507 746 restiteram.
549 685 589 746 At
608 693 689 748 vates
712 685 757 748 sie
779 703 830 748 ora
853 685 991 749 resolvite

71 816 73 831 ’
178 795 231 858 1111
253 811 325 874 ego,
349 813 445 874 quem»
460 794 576 868 eredis,
598 814 658 856 nou
680 813 760 868 sum,
783 795 833 857 die
854 795 949 870 ilicet,
973 796 1024 862 ille

71 872 74 957 Ῐ
129 905 244 970 sutton
267 923 343 966 sum.
365 906 403 966 lt
424 923 498 983 ego,
521 924 596 985 quae
617 905 720 986 jussus
741 923 842 980 eram,
864 914 935 967 tune
955 905 1045 968 verbe
1066 906 1179 971 remisi.

72 1005 75 1119 ἰ
221 1013 278 1076 Hie
299 1014 417 1094 plautas
438 1015 511 1078 totis
533 1014 669 1078 distorsit
690 1013 802 1076 viribus
825 1015 927 1076 ambas

72 1136 75 1227 i
176 1123 231 1185 llla
254 1123 353 1186 anima
375 1133 463 1204 atque
486 1125 608 1187 trahens
630 1123 791 1204 singultum
812 1125 912 1188 llebile
933 1126 1026 1187 ratur:

72 1264 74 1329 Ι
179 1233 259 1308 Quid
282 1251 330 1297 me
351 1233 442 1313 igitur
462 1231 587 1315 posuis?
609 1235 641 1296 Si
665 1243 694 1296 te
716 1235 774 1296 lert
795 1242 876 1296 tenta
899 1235 1008 1315 cupido

72 1378 75 1423 t
176 1344 310 1406 Noseere
332 1362 393 1416 me,
416 1354 450 1406 11
471 1344 567 1426 ripam
589 1343 702 1406 ideireo
724 1345 926 1423 percurreris,
948 1345 1032 1407 sudi:

72 1428 75 1566 1
131 1455 245 1516 tollen
267 1472 315 1515 me
336 1453 507 1534 pontificale
529 1454 621 1516 deeus
643 1461 776 1531 gestasse
797 1453 928 1532 negeb03

177 1564 314 1642 Veroque
337 1581 442 1625 caussa
464 1563 536 1639 luit,
560 1581 613 1625 eur
634 1562 773 1624 crederer
788 1563 891 1626 editus
912 1582 991 1638 urse,

178 1673 254 1734 'l'am
277 1672 403 1753 errpidus
425 1672 539 1735 catulos
561 1673 597 1734 ed
620 1691 694 1752 opes
716 1671 857 1734 extollere
878 1691 1019 1748 summas,

179 1783 218 1846 Ut
238 1782 368 1845 nummis
390 1782 453 1845 illie
473 1783 620 1855 loculum,
642 1783 693 1844 hie
714 1782 787 1844 milri
810 1781 919 1844 deinde
939 1783 1081 1863 parerim.

178 1893 243 1954 Sub
264 1892 368 1974 eapite
382 1900 414 1956 et
435 1903 558 1965 nostro,
582 1892 634 1974 qui
656 1911 703 1954 me
725 1892 871 1965 anteiere,
894 1894 1052 1956 trahuntur
1096 1950 1099 1956 .

130 2007 162 2060 11
179 2003 306 2066 senone
329 2001 471 2075 comites,
493 2002 525 2064 in
547 2002 706 2064 marmoris
729 2001 827 2063 obdita
849 2001 925 2064 rima

74 2124 77 2211 1
180 2110 312 2174 llembra
335 2121 536 2185 coarctantes,
561 2111 732 2192 pariterque
755 2129 810 2190 ego
832 2111 969 2174 laberio
990 2111 1050 2175 ime

75 2216 78 2259 ¹
180 2221 263 2283 liaeo
284 2220 365 2295 luoe,
387 2221 438 2283 ubi
460 2219 486 2282 is
508 2220 621 2294 veniet,
645 2239 733 2301 quem
756 2229 784 2282 te
806 2238 886 2283 nuno
907 2239 975 2282 esse
997 2221 1146 2302 putabam,

74 2272 77 2407 ,y
180 2331 254 2394 Cum
277 2330 377 2392 subito
399 2330 508 2394 audisti
532 2330 699 2393 enitentem.
741 2331 779 2393 Ar
798 2331 932 2410 longius,
955 2350 991 2393 ex
1012 2350 1071 2412 quo

74 2428 76 2459 ¹
178 2441 237 2504 llio
259 2458 376 2520 eoquor
394 2439 463 2519 igno
485 2441 595 2521 pedes,
618 2440 716 2528 eapite
738 2458 773 2502 ex
797 2459 856 2522 quo
878 2441 1014 2502 inversus
1036 2440 1077 2504 ita
1099 2458 1202 2519 angor,

131 2559 163 2613 11
178 2549 377 2613 Praeteriisse
398 2569 468 2612 reor
488 2549 562 2612 mihi
584 2550 729 2630 temporis
751 2550 946 2626 intervallum,

73 2729 75 2741 Ι
180 2663 277 2734 Quam
300 2677 367 2722 oum
389 2661 551 2722 candentes
573 2660 701 2722 flammis
723 2660 836 2722 defixus
857 2660 980 2724 habebit

179 2769 233 2832 llle
255 2770 361 2850 pedes.
405 2769 464 2834 Sed
487 2769 568 2831 enim
590 2788 647 2850 qua
670 2769 723 2832 Sol
740 2770 811 2850 juge
832 2770 982 2851 prospicit
1002 2771 1086 2834 orbis

181 2879 308 2942 Oeeidui
331 2898 399 2942 mox
421 2878 558 2941 adveniet
578 2897 662 2959 moge
683 2881 782 2960 turpia
805 2881 882 2943 reeta

179 2997 316 3052 lusurus
338 2997 456 3070 pastor,
479 3007 540 3050 non
562 2989 620 3050 ulle
640 2989 706 3068 lege
727 2997 870 3063 retentus,

132 3113 164 3168 ss
181 3099 241 3174 Qui
264 3117 327 3174 me,
350 3099 477 3179 ipsoque
500 3097 589 3160 simul
610 3099 749 3171 detruso,
772 3107 911 3178 contegat
931 3099 1044 3162 ambos.

181 3211 279 3283 Alter,
303 3227 391 3289 quem
413 3218 580 3270 memorent
599 3208 777 3272 1111111111
798 3208 964 3282 volumina,
985 3211 1079 3272 lesos

70 3308 73 3399 l
179 3320 238 3382 llio
260 3326 363 3398 surget
382 3334 493 3390 novus,
517 3327 607 3398 utque
630 3336 702 3380 suus
726 3327 795 3380 tune
817 3317 937 3380 mollior
957 3318 1001 3380 illi

70 3458 73 3553 N
179 3429 337 3502 desiuit,
361 3429 440 3492 haud
462 3427 556 3508 magis
579 3447 668 3510 asper
689 3429 747 3490 erit
768 3447 820 3490 rex
843 3428 972 3490 Gallicus
996 3429 1057 3491 isti.

223 3539 334 3602 Nescio
356 3557 394 3598 an
416 3537 467 3598 hie
489 3555 591 3599 amens
615 3539 736 3613 1111111,
759 3557 826 3602 oum
850 3538 918 3601 talin
942 3549 1044 3600 eontm

133 3647 368 3720 11111111,
391 3647 541 3727 quoduam
563 3645 692 3726 pretium
716 3659 773 3710 tam
796 3650 907 3726 grande
927 3648 1070 3729 poposcit

183 3759 321 3828 Petnnn,
343 3764 412 3818 ante
434 3755 558 3818 arbitrio
582 3773 670 3838 quam
692 3757 790 3819 eleves
811 3758 942 3820 traderet
962 3757 1061 3838 hujus,

70 3864 73 3919 l
184 3864 345 3931 Christus?
367 3867 413 3928 lle
435 3865 578 3946 sequere!
601 3867 679 3930 lraud
702 3867 782 3930 eliud
804 3876 885 3930 certe
906 3866 956 3928 ille
978 3867 1094 3947 petivit.

70 4000 73 4065 3
183 3977 244 4039 Nee
265 3977 389 4049 Petrus,
413 3985 465 4038 aut
486 3976 566 4038 Petri
589 3978 665 4039 eoeii
684 3978 804 4059 jussere
824 3976 964 4040 linthium

71 4066 73 4103 ¹
183 4088 297 4148 Allerre
321 4097 490 4164 argeutum,
513 4094 704 4161 enisurum,
727 4107 794 4150 eum
817 4099 898 4149 sorte
920 4083 1086 4156 trahebant,

70 4154 73 4249 Ε
132 4211 165 4263 tt
185 4197 280 4271 Quam
300 4196 394 4258 ludas
415 4195 493 4258 male
514 4196 701 4275 perdiderat,
725 4198 774 4280 qui
797 4198 870 4260 sede
891 4196 1019 4260 sederet.

70 4318 73 4373 t
185 4306 285 4380 Quare
306 4305 509 4384 1111111111,
533 4326 602 4370 nom
623 4307 731 4388 poenis
749 4307 817 4388 jure
840 4304 982 4385 graveris,

70 4400 73 4433 '
183 4419 279 4498 Atque
300 4415 378 4478 male
401 4414 491 4477 atteri
513 4415 590 4480 hene
612 4435 697 4479 serra
719 4417 797 4479 dona
818 4413 941 4486 metalli,
