3136 5164
595 401 729 452 PdeDiSi
749 401 786 452 ΙΧ.

188 617 334 682 Gonfioiat
356 619 470 694 callem,
494 637 561 682 oum
583 618 653 694 illic,
677 617 728 698 qui
750 618 889 682 terminat
910 618 1041 682 aethram

187 729 221 792 iu
241 729 332 810 piano
353 729 494 802 medium,
518 727 627 790 circius
648 734 809 808 spectetur,
831 726 882 790 ubi
904 729 960 791 ieta

187 839 304 920 incipit
347 839 423 902 illud
446 857 502 918 ego
523 837 616 911 littus,
638 838 767 900 Macram
789 837 867 900 inter
888 847 917 900 et
938 839 1025 910 iuter,

187 948 344 1022 iibraeum,
367 949 490 1021 incolui,
513 945 619 1025 exiguo
642 943 721 1026 quod
744 947 859 1008 tramite
882 946 1033 1010 Theseum

138 1067 171 1123 811
187 1057 296 1121 Dividit
317 1075 334 1120 a
355 1057 498 1136 Ligurum
520 1055 643 1136 populo.
688 1055 791 1118 Ortum
813 1055 908 1133 vergit
928 1056 964 1118 ad
988 1073 1080 1119 unum

187 1167 394 1246 Oceanumque
416 1165 501 1247 quasi
523 1183 614 1228 uuum
637 1164 802 1237 Saldarum,
824 1181 860 1228 ao
879 1183 946 1228 mea
968 1165 1064 1239 telius,

189 1276 271 1351 Quae
293 1278 442 1358 quondam
465 1275 589 1356 proprio
611 1273 753 1354 tepefecit
775 1274 918 1352 sauguine
939 1283 1068 1354 portum.

187 1387 234 1449 Me
256 1386 334 1448 haud
356 1386 458 1464 ignara
481 1402 540 1446 mer
562 1401 635 1463 gena
656 1381 787 1444 nominis
809 1381 969 1462 appellarit

188 1495 321 1558 Foacorr.
365 1494 457 1574 Signa
480 1493 539 1556 mei
562 1491 678 1555 eoelum
700 1492 759 1554 hoc
780 1500 961 1572 praeportat,
984 1501 1018 1554 ut
1039 1493 1110 1556 oiim

140 1605 173 1659 0⁰
189 1603 286 1686 Hujus
308 1620 375 1682 ego.
418 1604 503 1666 Haud
525 1601 601 1666 adeo
624 1602 735 1664 exarsit
754 1601 827 1664 Belo
850 1601 929 1664 edita
950 1603 1035 1675 uiro,

190 1713 317 1776 Siohaeo
339 1713 460 1794 pariter,
482 1713 653 1792 pariterque
675 1710 780 1774 odioeu
803 1711 941 1784 Creusae,

190 1825 341 1898 Quantum
363 1841 429 1902 ego,
451 1819 522 1885 dum
544 1821 611 1884 tulit
632 1820 663 1882 id
685 1821 786 1884 crinis.
829 1819 896 1882 Nou
919 1820 969 1884 iila
991 1820 1128 1884 dolosum

190 1933 416 2013 Demophoonta
438 1931 495 1993 eibi
517 1930 662 2010 Rhodope
684 1939 856 2014 conparata,
881 1949 937 1992 nee
958 1931 1018 1992 imo

189 2044 272 2105 Arsit
293 2041 333 2104 ito
353 2041 484 2104 Alcides.
496 2039 642 2102 inducam
663 2047 785 2120 pectore
806 2039 900 2102 Iolen.

140 2158 172 2214 tt
233 2153 270 2214 At
291 2170 351 2214 noo
374 2153 431 2214 ieta
454 2158 550 2212 tamen
574 2167 627 2211 eor
647 2147 735 2210 nobis
759 2165 829 2210 eura
850 2147 1009 2221 remordet,

189 2261 298 2324 Verum
320 2261 369 2323 hie
391 2261 513 2333 ridetur,
536 2277 597 2322 non
620 2257 776 2338 quaejam
799 2256 886 2338 culpa
908 2257 1006 2320 redire

189 2371 224 2434 iu
246 2379 376 2434 merrtem
397 2369 476 2432 haud
499 2376 610 2449 posset,
635 2366 687 2428 aed
710 2367 811 2440 virtus,
835 2385 911 2447 quae
933 2368 989 2430 ieta
1011 2366 1132 2446 paravit.

190 2480 246 2543 ilie
267 2495 317 2542 are
339 2479 511 2559 suspicitur,
535 2495 610 2558 quae
632 2485 742 2538 astrum
767 2485 848 2539 tanto
871 2484 958 2538 ornat
979 2493 1088 2548 amore,

190 2589 419 2671 suspiciturque
440 2589 561 2659 bouum,
584 2605 640 2666 per
662 2585 741 2666 quod
764 2603 849 2648 merra
871 2603 965 2666 prona
988 2586 1130 2648 deorsum

128 2711 174 2764 rou
189 2701 261 2762 Fert
282 2698 410 2762 reditum
432 2697 469 2760 ad
492 2699 636 2778 Superos.
680 2695 787 2758 Verum
808 2703 841 2758 ut
862 2693 1017 2760 discedere
1039 2695 1120 2758 euris

190 2808 308 2872 Pacatis
331 2808 449 2889 penitus
470 2807 582 2888 poesia,
606 2823 680 2886 quas
703 2804 798 2868 attulit
819 2804 876 2868 ieta

190 2918 323 2998 sphaera
345 2918 407 2992 tibi,
431 2926 494 2992 atat,
511 2916 608 2979 adhue
630 2912 706 2977 ultra
726 2913 891 2993 procedere
913 2913 1023 2976 verbis.

190 3028 275 3090 Scire
298 3028 393 3107 cupia,
416 3027 516 3108 cujum
538 3025 597 3086 hoe
618 3024 727 3095 lumen,
751 3023 831 3103 quod
854 3023 946 3102 rutget
968 3024 999 3086 in
1021 3021 1071 3084 illa

191 3137 243 3200 Sic
265 3137 328 3200 iace
351 3155 399 3200 me
418 3139 508 3218 juxta,
532 3143 565 3196 ut
586 3134 688 3196 radius
711 3131 817 3195 solaris
838 3133 869 3194 io
891 3133 970 3196 unda

128 3250 175 3306 tut
190 3247 278 3308 Pura.
322 3247 408 3308 Nunc
429 3246 517 3308 audi:
540 3245 590 3306 hio
611 3243 693 3306 intus
715 3259 769 3304 sua
791 3241 897 3321 gaudia
919 3241 1021 3304 Rauca
1071 3286 1074 3298 .

189 3355 346 3434 Expandit,
369 3364 532 3434 nostroque
554 3354 648 3416 choro
671 3350 837 3432 conjuncta,
860 3349 960 3427 sigilio

189 3465 274 3526 lilius
296 3475 343 3527 eet
364 3463 519 3544 impressa,
543 3463 667 3542 gradum
688 3460 747 3524 eibi
769 3467 852 3524 nacta
874 3477 1056 3539 supremum.

190 3573 281 3636 sidus
303 3575 333 3636 iu
356 3573 424 3646 boc,
447 3573 498 3636 ubi
521 3591 596 3653 apex
617 3581 787 3652 postremus
809 3569 921 3632 desiuit
942 3570 1072 3642 umbrae,

190 3684 285 3757 Quam
309 3692 357 3746 tua
381 3693 458 3746 terra
479 3683 565 3762 parit,
590 3681 709 3745 Christo
732 3679 859 3742 ducente
881 3678 1071 3759 triumphum,

126 3805 175 3858 ltu
189 3792 270 3856 ilaec
291 3801 444 3874 assumpta
466 3793 550 3873 prior
569 3790 658 3862 venit,
681 3789 850 3870 meritoque
872 3788 997 3852 decebat

189 3902 255 3965 Hoc
276 3901 373 3982 aliqua
396 3901 426 3963 io
448 3900 526 3963 coeli
548 3899 675 3980 sphaera
697 3899 844 3962 mansisse
867 3898 1053 3980 trophaeum,

189 4013 249 4075 Per
270 4012 350 4093 quod
375 4011 500 4074 clareret
522 4008 644 4072 victoria
667 4016 747 4070 tauta
770 4006 875 4070 lucrati

191 4121 331 4202 Utrisque
353 4121 430 4182 hanc
451 4119 569 4199 palmis.
612 4118 693 4180 Haeo
714 4119 812 4197 primo
834 4117 949 4180 faverat
971 4135 1053 4188 aueo,

188 4231 281 4294 tosue
304 4229 356 4291 ubi
377 4229 472 4291 victor
493 4235 595 4291 saneta
616 4236 662 4290 eat
683 4226 789 4289 tellure
810 4227 932 4307 potitus,

126 4345 173 4398 111
190 4341 273 4415 Quae
296 4339 417 4402 minime
439 4338 531 4417 tangit
554 4337 643 4400 vestri
664 4335 839 4418 praecordia
860 4336 970 4414 Papae.

1114 4435 1148 4486 2⁰
