3144 5164
276 383 338 448 392
717 385 851 436 remorsu
868 387 959 438 anxit.

291 609 325 663 ad
383 604 449 678 llic,
471 603 522 666 ubi
543 605 716 686 multiplicis
739 604 843 668 folium
865 605 1008 668 maturuit
1029 625 1120 670 omne

340 714 447 786 Floris,
471 715 632 778 considunt
652 715 738 796 queis
760 733 831 795 spes
853 715 934 778 stetit
954 717 1052 778 omnis
1074 715 1106 778 in
1126 735 1188 778 uno

342 823 462 887 Christo
485 832 620 888 venturo.
664 824 773 886 Vemm
796 844 854 904 qna
876 844 911 887 ex
933 833 1017 904 parte
1038 835 1179 888 secamur

343 933 516 996 Semiorbes
539 933 635 1013 spatio
656 952 759 1008 racno,
782 942 865 996 stant
884 943 1007 1014 pectora
1026 951 1112 998 versa

284 1049 289 1060 '
343 1043 377 1105 ln
400 1043 550 1105 Christum
572 1042 707 1116 missum,
728 1043 785 1106 hac
806 1063 864 1106 uun
886 1062 940 1124 spe
962 1044 1037 1106 tren
1059 1043 1174 1108 salutis.

294 1180 327 1235 25
344 1153 441 1232 thue
462 1153 534 1214 hinc
556 1152 683 1231 Reginae
705 1152 795 1216 sedes
817 1153 996 1232 praesignis,
1019 1161 1049 1216 et
1072 1153 1161 1235 hujus

346 1262 408 1324 Sub
430 1263 508 1342 pede
530 1262 694 1342 dispositae
715 1261 848 1342 reliquae
871 1262 983 1324 distare
1004 1263 1141 1326 ridentur

346 1373 442 1434 Tanto
466 1372 619 1452 sejunctae
641 1373 745 1452 spatio,
769 1371 813 1434 sic
834 1373 929 1452 prima
949 1373 1074 1436 loumne

346 1481 446 1561 Magni
468 1489 527 1542 stat
548 1481 636 1543 sedes
659 1489 770 1553 mutua,
794 1481 844 1560 qui
868 1481 950 1544 solus
972 1482 1003 1544 iu
1025 1491 1111 1544 anim

347 1592 424 1653 Vixit
445 1597 588 1671 perpetue
611 1597 741 1662 sanctus,
763 1589 833 1652 dein
857 1590 932 1653 colla
956 1593 1055 1654 securi

298 1723 333 1775 ³0
348 1701 406 1764 Pro
430 1699 549 1763 Christo
572 1699 663 1772 dedit,
687 1708 775 1779 atque
798 1699 874 1762 duos
895 1699 1079 1763 habitaverat
1100 1717 1197 1763 annos

348 1808 479 1872 Vallibus
500 1809 635 1871 internis.
679 1809 775 1890 Atque
797 1811 873 1872 inira
896 1809 1019 1890 contigit
1039 1808 1090 1872 illa

349 1919 455 1982 Partiri
477 1919 590 1999 pariter
611 1919 676 1982 loca
696 1919 872 1994 Fauncrsco,
894 1919 1067 1982 Bnnrnrcro

349 2029 447 2108 Atque
468 2034 647 2103 Anonsrmo,
669 2027 863 2110 reliquisque,
885 2029 945 2092 huc
966 2048 1063 2110 usque
1084 2047 1139 2110 per
1160 2047 1266 2092 omnes

352 2139 411 2214 Qui
433 2137 491 2200 sibi
514 2138 679 2202 succedunt
700 2136 808 2203 circos.
852 2139 938 2202 Nunc
959 2139 1091 2220 adspice,
1115 2149 1258 2220 quantum

302 2267 335 2320 35
352 2248 448 2312 [livini
470 2256 570 2328 pateat
591 2246 736 2328 sapientia
759 2267 874 2310 summa
896 2249 1051 2324 Parentis;

353 2359 427 2422 Nam
449 2377 537 2420 verae
559 2357 628 2419 iidei
651 2365 808 2438 suspectus
831 2366 861 2419 et
883 2377 960 2420 uuus
983 2367 1014 2420 et
1034 2358 1110 2422 alter

352 2467 478 2550 dequali
499 2487 625 2530 numero
647 2467 809 2548 complebit
830 2485 950 2532 scamna
972 2469 1068 2530 vireti.

354 2580 449 2660 ldquc
470 2578 538 2640 volo
560 2577 675 2651 discas,
698 2597 715 2640 a
737 2578 832 2659 prima
855 2577 929 2640 sede
951 2596 1082 2659 superna

355 2689 508 2770 iucipiens
531 2696 619 2766 atque
641 2687 711 2750 inde
734 2688 821 2750 oculo
844 2688 1027 2750 descendere
1049 2705 1180 2768 pergens

306 2825 341 2879 ω
355 2799 399 2860 nd
423 2798 554 2860 medinm
577 2797 675 2876 spatii,
698 2797 756 2860 dno
779 2798 860 2878 quod
882 2797 1055 2860 discrimina
1077 2798 1151 2872 linit,

359 2907 468 2970 Sedem
490 2906 533 2967 ibi
554 2905 665 2968 habere
687 2925 782 2978 suam,
805 2909 866 2986 qui,
889 2908 978 2972 undis
1000 2916 1069 2970 aute
1091 2906 1202 2988 paratis

359 3016 533 3081 Promeritis
556 3014 698 3097 propriis,
721 3024 818 3080 nmen
841 3018 915 3080 baec
937 3025 1008 3080 sunt
1027 3017 1134 3095 gaudia
1155 3016 1256 3096 adepti

362 3127 408 3191 Ob
430 3126 570 3189 meritum
591 3126 713 3190 alterius
735 3125 791 3190 sub
814 3127 986 3190 conditione
1008 3135 1128 3192 statuta.

361 3238 441 3300 lstae
463 3254 591 3316 namque
614 3237 730 3302 animae
752 3244 822 3300 sunt
842 3236 986 3300 membris
1008 3245 1077 3298 ante
1100 3236 1224 3308 solutae,

312 3364 346 3419 ιι
363 3345 470 3409 Libera
492 3345 640 3408 delectum
662 3364 752 3425 quam
773 3346 865 3408 sciret
885 3345 994 3410 habere
1016 3345 1169 3420 voluntae;

364 3456 470 3536 Tuque
491 3454 521 3517 id
544 3473 635 3518 nosse
657 3463 744 3536 potes
767 3475 804 3518 ex
824 3457 905 3518 vultu
928 3465 1051 3518 atroce
1073 3457 1258 3535 loquentum,

366 3565 432 3640 Qua
453 3565 539 3644 pueri
561 3564 653 3638 soliti,
676 3566 703 3628 si
725 3565 886 3646 inspectes,
909 3573 940 3628 et
961 3567 1091 3628 sonitum
1113 3583 1185 3628 aure

365 3673 517 3754 decipias.
540 3707 579 3718 —
602 3677 639 3738 m
660 3683 691 3738 tu
713 3674 841 3750 dubitas,
864 3675 1062 3755 dubitansque
1084 3675 1219 3747 silescis3

367 3784 476 3846 Verum
498 3801 554 3862 ego
576 3784 737 3847 dissolvam
759 3784 887 3848 vinclum
910 3785 963 3846 tibi
986 3785 1062 3848 iorte
1086 3793 1241 3863 tenaxque,

319 3917 353 3972 ω
371 3895 438 3970 Quo
462 3901 490 3954 te
508 3893 656 3975 judicium
677 3897 787 3956 mentis
809 3893 917 3958 subtile
940 3903 1067 3958 coercet.

414 4003 479 4066 Hoc
500 4001 598 4084 amplo
620 4003 650 4064 in
673 4001 765 4080 re'gnn
788 4003 856 4066 data
876 4005 954 4068 forte
975 4004 1079 4068 sedilia
1102 4019 1253 4082 uunquam

371 4115 533 4196 Apparent,
556 4121 589 4176 nt
609 4130 665 4176 nec
686 4112 781 4186 dolor,
804 4114 955 4180 esuriesve
977 4115 1096 4190 sitisre;

372 4223 447 4286 Nam
469 4224 667 4304 quodcunque
689 4221 777 4316 rides,
804 4230 923 4286 aeterna
946 4231 993 4286 est
1013 4223 1079 4303 lege
1100 4232 1252 4305 paratum

374 4333 425 4396 Sic
448 4351 515 4394 sese
537 4331 628 4412 digito
650 4331 700 4392 bio
720 4333 928 4396 accommodat
948 4334 1075 4398 annulus
1096 4353 1203 4414 aeque.
