3124 5170
534 401 738 496 'tnrennoaou
756 444 805 496 xri.

175 661 338 740 Congeries
360 676 395 722 ea
418 677 575 734 saxorum,
600 676 676 742 quae
698 677 788 742 saepe
810 663 923 726 moveri

174 770 235 834 Sub
258 771 392 850 pedibus
411 771 509 844 sensi,
532 771 611 832 baud
634 781 778 833 consueto
800 772 934 852 pondere
955 789 1070 853 pressa.

127 891 158 942 to
174 881 257 943 lbani
278 880 371 942 rnnlta
395 889 518 961 putans,
543 879 632 961 alque
654 880 696 942 ie:
720 879 789 943 Tibi
810 891 910 944 mento
933 891 1053 963 reposto

173 991 264 1052 Forte
286 989 372 1052 ruina
394 999 510 1064 manet,
534 991 582 1052 oui
605 999 708 1052 custos
730 991 781 1052 ille
803 987 898 1056 lerina

174 1101 221 1161 lm
244 1099 343 1173 sedet,
366 1101 456 1162 modo
480 1117 568 1180 quam
592 1100 729 1162 exstinxi.
774 1101 859 1163 Nunc
880 1101 1000 1182 impulit
1019 1102 1097 1164 ultro

175 1211 274 1283 Mens,
297 1217 329 1270 ut
350 1219 379 1270 to
402 1209 432 1271 id
455 1210 589 1271 doceorn.
635 1211 701 1284 Quo
725 1211 783 1272 boc
805 1211 876 1272 olins
898 1221 1034 1293 tempore
1056 1213 1132 1286 reni,

176 1320 315 1382 Nondum
336 1318 428 1380 etiam
448 1329 550 1382 ruerat
571 1328 719 1382 commotu
743 1321 817 1382 boec
838 1320 936 1382 diruta
957 1337 1064 1403 rupes3

130 1440 160 1492 ab
176 1431 212 1491 bt
235 1437 317 1492 certo
337 1428 439 1508 paullo
461 1438 545 1503 ante,
568 1429 627 1490 nisi
649 1449 698 1492 me
720 1429 835 1510 decipit
854 1449 948 1504 error,
1028 1419 1039 1432 ’

178 1540 273 1613 Quam
295 1539 354 1600 huc
376 1537 562 1612 adventaret,
584 1557 721 1619 magnam
744 1539 794 1619 qui
818 1559 852 1602 ex
875 1540 948 1603 orbe
970 1559 1100 1622 superno

175 1649 309 1710 Extorsit
329 1647 388 1710 lliti
410 1650 566 1729 praedam,
587 1651 650 1731 jani
672 1649 729 1712 alta
753 1648 884 1729 undique
907 1649 994 1712 loeda

175 1759 266 1820 Vallis
289 1759 329 1820 ita
352 1758 521 1832 intremuit,
544 1768 662 1840 rapturo
685 1769 717 1820 ut
738 1759 895 1822 dulcedine
918 1760 1029 1822 amoris

175 1869 210 1930 ln
233 1868 331 1930 cbaos
353 1867 508 1948 antiquum
530 1869 603 1930 nini
625 1869 667 1932 sit
688 1869 845 1933 considere
865 1869 963 1934 visum

127 1993 159 2045 to
175 1979 322 2040 Funditus
344 1997 448 2050 omno,
469 1978 563 2059 aliqui
586 1979 726 2059 quoniam
748 1979 778 2040 id
800 1979 919 2042 ianime
940 1989 1083 2060 putarunt

176 2089 296 2168 Saepe3
319 2097 407 2168 atquo
429 2088 486 2150 iste
508 2099 592 2150 vetus
615 2099 717 2152 cautes
739 2089 770 2150 in
792 2088 938 2170 temporis
959 2089 1011 2152 illo

178 2199 294 2260 Punoto
313 2195 363 2260 bio
385 2206 474 2278 atque
497 2197 568 2260 alibi
590 2197 643 2261 tali
665 2209 712 2262 est
733 2199 865 2261 revoluta
887 2199 983 2262 ruina.

70 2310 74 2451 1
221 2309 281 2370 Sed
302 2316 335 2369 tn
357 2325 437 2369 nunc
459 2308 563 2370 corilus
584 2309 689 2388 defige.
732 2309 786 2370 Est
806 2305 940 2389 proxima
963 2309 1048 2388 nigro
1156 2339 1159 2346 v

70 2463 74 2486 .
176 2417 262 2480 Unda
284 2433 390 2479 cruore
412 2419 525 2492 fluens,
548 2415 598 2480 ubi
619 2427 704 2481 vasto
727 2418 883 2481 ebullitio
904 2429 998 2492 aestu,

129 2535 159 2588 tt
177 2529 212 2590 vi
235 2527 416 2608 quicumque
437 2527 504 2589 eliis
527 2537 644 2618 noceat
688 2529 734 2591 Ob
757 2547 847 2591 coeca
870 2528 988 2609 cupido,

178 2638 225 2700 Ob
248 2638 348 2700 rabies
370 2655 494 2711 resana,
518 2638 599 2700 brevi
623 2657 700 2719 quae
722 2639 781 2700 boc
802 2648 937 2718 ternpore
958 2637 1036 2702 ritae

70 2722 73 2735 Ι
177 2749 240 2810 llos
263 2748 338 2810 adeo
360 2747 549 2822 exstimulas,
571 2749 649 2812 male
672 2748 717 2810 sie
739 2766 872 2810 mersura
894 2766 948 2828 por
969 2767 1073 2810 aerum

177 2855 354 2920 Aeternuml
376 2891 418 2902 -
440 2858 497 2920 llio
519 2858 661 2938 amplam,
686 2876 761 2939 quae
783 2877 817 2921 se
840 2858 979 2921 sinuabat
1000 2858 1031 2921 in
1053 2877 1163 2932 arcum,

177 2969 303 3030 Fossam
326 2985 448 3030 cernere
470 2981 549 3035 eret.
572 2968 663 3030 veluti
686 2985 775 3048 qoam
797 2969 913 3032 dixerat
934 2987 1052 3031 omnem

131 3087 162 3139 ω
179 3077 338 3140 Planitiem
361 3077 500 3158 amplecti
523 3079 632 3140 ductor
651 3079 745 3158 prius.
789 3079 870 3140 lnter
891 3088 922 3141 et
943 3079 1018 3140 imas

178 3187 307 3249 Radices
329 3187 413 3267 ripae
435 3197 467 3248 et
486 3187 599 3249 lossam
621 3188 738 3268 agmine
760 3188 933 3252 circumfusi

70 3340 74 3381 ,
180 3299 330 3360 Cenrsoar
351 3297 410 3361 buc
431 3296 502 3358 illuc
524 3309 674 3376 gestantes
696 3298 754 3361 tela
777 3299 911 3373 ruebant,

71 3386 74 3415 ¹
179 3407 218 3470 Ut
239 3427 305 3468 snos
327 3407 376 3468 bis
398 3407 495 3470 luerat
514 3408 616 3470 venari
638 3409 730 3470 lustro
753 3410 893 3472 serarum.

178 3517 301 3598 Nosque
323 3517 374 3579 ubi
394 3517 533 3580 viderunt
553 3517 688 3581 labentes
709 3519 834 3594 vertice,
858 3518 985 3599 quiaque

131 3635 162 3690 ⁵5
180 3627 337 3700 Constitit,
361 3637 450 3708 atque
471 3627 537 3690 acie
559 3645 593 3690 ex
616 3629 665 3690 illa
688 3638 749 3691 tres
772 3629 853 3692 ilicet
874 3647 946 3692 aron

179 3738 276 3818 Atque
298 3737 393 3800 hastis
414 3737 499 3818 prius
522 3737 627 3800 electis
649 3739 809 3813 excedere,
832 3747 863 3800 et
883 3757 960 3800 unns

179 3847 344 3908 inclamare
366 3848 489 3928 procul:
514 3849 586 3923 llos,
610 3849 660 3928 qni
684 3849 882 3922 descenditis,
906 3849 1054 3929 adquam

180 3957 311 4026 l'enistis
333 3955 484 4037 poenam?
504 3959 618 4020 lstbinc
640 3959 746 4031 dicite,
771 3959 818 4020 sin
840 3957 955 4032 miuus,
978 3977 1048 4022 arcu

180 4066 321 4148 Ejaculor
343 4078 439 4130 tenso.
483 4069 665 4149 Praeceptor
687 4069 757 4131 talia
779 4079 902 4132 contra:

132 4187 164 4238 tto
182 4177 310 4239 Caraoru
332 4177 407 4239 baec
428 4177 541 4240 istbinc
554 4179 687 4259 ⁴propius
709 4197 854 4260 responsa
877 4179 1040 4242 dabuntur:

180 4286 214 4348 ln
237 4298 287 4349 tua
308 4288 418 4349 darona
440 4287 531 4350 nimis
553 4305 674 4370 semper
695 4297 753 4350 tam
776 4298 913 4369 prompta
935 4287 1029 4350 libido

180 4396 241 4458 lsta
264 4396 329 4458 luit.
373 4397 450 4460 Tum
471 4417 519 4462 nse
542 4398 675 4462 lodiene:
697 4399 778 4460 llaec
801 4397 881 4460 illius
902 4397 1007 4460 umbra
1030 4407 1076 4461 est
