3124 5170
329 467 371 530 62
753 465 947 518 tumnnoautt
964 463 1020 516 xvt.

385 659 442 750 ⁴Sic
462 705 591 768 genuere
613 697 675 762 tue,
699 695 732 749 ut
748 686 812 767 jam
833 685 929 747 tristia
951 694 1085 766 tempora
1106 685 1217 766 plores.

339 809 373 860 'to
431 796 512 862 Haec
532 815 588 876 ego
610 795 727 858 sublato
750 795 872 858 clamavi
895 794 1031 858 turbidus
1053 813 1121 856 ore:

390 907 537 986 Tresque,
560 907 608 968 his
629 906 755 978 auditis,
779 905 901 967 umbrae
922 912 1036 968 samse
1056 904 1189 966 vicissim

388 1015 514 1078 Lumine
537 1015 568 1076 in
590 1016 711 1078 citerius
733 1015 859 1090 vultum,
881 1023 915 1077 ut
936 1015 986 1095 qui
1007 1031 1077 1076 vera
1098 1021 1229 1076 tuentur.

389 1125 422 1190 Si
444 1125 500 1187 tuit
520 1143 651 1206 cumam
673 1125 747 1188 alias
769 1125 823 1187 tibi
845 1125 1028 1206 respondere
1049 1123 1175 1187 facultas

389 1234 518 1298 TantiHo
541 1245 699 1309 constans,
722 1243 841 1316 umque
864 1247 931 1315 apta
953 1235 1071 1316 explere
1093 1243 1256 1313 rogantem,

338 1345 414 1406 750
439 1355 467 1406 te
490 1345 623 1418 felicem,
647 1345 693 1407 cui
716 1363 802 1407 mens
824 1363 858 1407 ea
880 1344 970 1407 verba
991 1343 1156 1407 ministrat!

390 1453 489 1528 Quare
510 1454 536 1515 si
558 1455 613 1516 has
635 1455 727 1516 velles
748 1454 802 1516 tibi
825 1456 871 1517 ias
892 1453 1016 1518 evadere
1038 1453 1148 1533 nigras,

388 1562 492 1644 Sitque
513 1563 568 1626 tibi
590 1583 693 1626 rursus
711 1565 859 1646 jucundas
881 1583 1003 1627 cernere
1024 1562 1143 1626 stelias:

387 1673 452 1735 illic
473 1673 538 1754 ipsc
560 1673 617 1747 tui,
641 1693 729 1754 quem
750 1683 780 1738 te
801 1673 913 1738 dixisse
930 1671 1059 1756 juventu

388 1783 460 1856 Fec,
483 1791 584 1846 nostra
606 1791 640 1846 ut
660 1803 809 1846 memores
829 1784 940 1847 vitanti
960 1783 1080 1846 nomine
1101 1781 1197 1862 vulgo.

337 1897 371 1952 8⁰
430 1892 504 1956 Dein
526 1911 634 1974 rupero
655 1903 766 1968 soum,
789 1895 960 1974 alarumque
982 1893 1075 1956 tuisse
1096 1901 1235 1972 putasses

388 2001 554 2082 Remigium
575 2003 702 2083 pientes.
747 2005 842 2078 Quam
864 2003 1030 2085 prosiluere
1053 2005 1182 2082 isageces,

387 2112 454 2175 Non
476 2131 562 2176 amen
584 2113 673 2176 citius
694 2114 843 2195 potuisset
863 2113 962 2176 dicere
983 2113 1155 2195 quisquam:

387 2221 461 2284 Tem
482 2222 597 2286 celeres
619 2223 706 2285 oculo
727 2241 761 2287 se
782 2223 948 2286 subduxere
970 2223 1124 2304 sequenti3

387 2333 486 2406 Quare
508 2332 623 2396 doctori
645 2334 742 2396 risum
763 2341 810 2396 est
831 2332 986 2395 discedere
1007 2339 1121 2395 nostro.

336 2449 369 2503 85
429 2443 511 2505 ibam
531 2451 601 2523 post
619 2443 732 2524 ipsum,
755 2443 840 2524 isque
862 2459 965 2523 parurn
987 2455 1175 2523 processerat
1197 2443 1272 2506 ultra

387 2553 513 2626 Gressu,
536 2571 603 2614 curn
625 2551 757 2615 insonuit
778 2552 823 2615 sic
845 2571 900 2614 nos
922 2571 1017 2632 prope
1039 2571 1141 2615 rumor
1161 2571 1313 2634 aquarum,

387 2662 424 2724 Ut
445 2661 493 2723 vix
514 2661 571 2723 ulia
594 2674 677 2724 esset
696 2664 793 2724 fantes
815 2661 918 2724 audire
938 2671 1082 2742 peresus.

387 2770 511 2845 Qualis,
534 2771 591 2832 iter
612 2771 766 2852 proprium
789 2771 837 2850 qui
860 2771 988 2852 primum
1011 2772 1136 2852 corripit
1157 2773 1253 2834 amnis

386 2879 551 2942 Prosiliens
573 2899 607 2942 en
629 2899 702 2960 rupe
724 2881 807 2954 vesi,
831 2857 914 2960 quae¹
927 2881 1074 2962 prospicit
1095 2891 1192 2944 ortum

335 3003 369 3056 so
385 2990 428 3052 Ex
451 3009 507 3070 qua
530 3001 614 3071 perte
636 2989 712 3052 latua
735 2990 848 3052 iussum
871 2989 999 3070 explieat
1019 2992 1201 3073 Apenninus,

387 3100 504 3180 Quique
526 3101 670 3182 appellari
693 3101 770 3163 solet
790 3099 873 3162 Unda
896 3100 1010 3181 quiete,
1032 3101 1206 3182 prinsquam

386 3210 461 3273 Sese
482 3211 676 3292 praecipitem
698 3211 821 3272 fundum
842 3210 979 3273 demittat
999 3211 1030 3273 in
1053 3211 1153 3280 imum,

385 3321 480 3399 Atque
503 3321 568 3382 iano
591 3321 655 3383 Livi
678 3329 766 3383 senat
787 3339 892 3401 expers
914 3321 1044 3383 nominis
1066 3321 1163 3402 hujus,

384 3428 449 3492 iilic
471 3449 560 3512 supra
582 3431 688 3504 cedes,
712 3431 820 3512 quibus
842 3438 888 3494 ast
909 3451 925 3494 a
947 3431 1067 3493 nomine
1089 3429 1190 3493 Sancti

333 3553 367 3608 as
385 3540 547 3602 Deductum
569 3557 678 3602 nornen
700 3540 869 3614 Benedicti,
891 3541 919 3602 ai
942 3541 1051 3604 incitus
1073 3541 1169 3604 amnis

385 3646 554 3730 Obstrepit,
578 3669 594 3711 e
616 3649 739 3729 scopato
761 3667 888 3730 pronum
910 3650 1042 3712 ruiturus
1064 3651 1095 3712 in
1118 3669 1229 3729 agrum,

385 3756 480 3830 Quem
498 3759 560 3839 jam
583 3757 664 3820 miiie
685 3758 740 3820 riri
762 3759 940 3834 incolerent,
965 3761 1028 3822 iors
1050 3760 1076 3822 si
1099 3779 1157 3842 qua
1179 3759 1316 3822 udisset:

384 3865 435 3928 Sic
456 3885 511 3928 uos
533 3867 666 3930 iubentes
687 3877 865 3950 praenuptae
887 3889 922 3932 en
944 3889 1049 3949 aggere
1070 3871 1154 3951 ripae

382 3975 516 4038 Vidimus
538 3976 717 4041 denotante
739 3987 930 4042 resonantem
951 3998 1102 4042 munnere
1124 3996 1265 4058 aquarum

319 4094 366 4146 1⁰⁰
382 4085 527 4148 Diluviem
548 4085 686 4162 tinctam,
710 4097 742 4150 at
762 4107 830 4151 mox
851 4089 939 4153 nobis
961 4090 1083 4152 laeserit
1103 4107 1199 4151 eures.

423 4195 515 4258 Funis
537 4205 602 4259 arat
622 4197 701 4260 circa
724 4199 841 4262 iumbos
862 4199 935 4262 mihi
957 4200 1088 4272 cinctus,
1112 4206 1142 4261 at
1163 4197 1222 4260 isto

380 4303 479 4366 Rebar
498 4305 673 4386 pantherem
695 4325 804 4389 capere
825 4309 896 4372 olim
917 4310 995 4392 pelte
1017 4309 1167 4372 decomm.

382 4415 446 4478 Hoc
468 4431 516 4478 me
536 4416 675 4492 dissolri,
697 4419 743 4481 sic
763 4419 966 4502 praecipiente
987 4418 1139 4500 magistro,
