3136 5164
585 379 734 434 ,ΡΛΗΑΜΙ
752 381 791 434 xi.

192 597 346 660 Pontifieis
368 597 483 672 sanaim
505 613 565 677 quo
586 613 654 660 mer
676 595 838 678 praebente
860 599 999 680 sigilium,

194 705 252 769 otti
276 705 360 769 narba
383 707 527 786 frequens
546 708 621 768 inira
642 707 823 788 pauper-enta
847 710 913 784 rita,
1001 733 1004 743 ·
1033 734 1036 746 ·

145 826 176 880 st
194 817 290 892 Quam
311 815 419 878 melius
436 823 564 880 canetur
580 816 719 879 uuelestis
742 817 835 896 gloria
857 827 971 891 caetus,

193 925 348 1000 Creverat3
370 935 401 987 et
422 933 503 988 serta
524 934 573 988 est
593 943 650 1005 per
670 924 830 988 Hennam
852 928 977 992 adaucta
998 931 1131 995 maunuo

190 1033 325 1098 Flumine
346 1035 384 1098 ab
406 1044 529 1098 aeternis
550 1034 682 1098 duntoris
701 1043 807 1098 saneta
830 1037 949 1117 cupide
989 1071 994 1083 ·

191 1145 288 1225 thue
311 1143 421 1208 ardens
442 1145 594 1224 propriant
616 1161 671 1225 pro
694 1145 811 1208 Christo
833 1148 991 1212 effundere
1007 1149 1097 1212 vitam
1163 1161 1183 1172 '‘

190 1253 274 1316 Furti
297 1255 396 1316 animo
418 1254 497 1332 tegis
519 1251 663 1333 Babyloni
685 1261 754 1316 ante
775 1273 827 1318 ara
849 1257 994 1338 superba·

142 1377 175 1432 uu
193 1363 295 1426 Oravit
316 1363 426 1426 Christi
448 1378 593 1436 causeam,
616 1362 826 1444 Christumque
848 1375 1042 1445 sequentuma
1068 1385 1071 1392 ’

192 1453 326 1552 cumque
348 1473 446 1535 minus
468 1472 559 1534 movit
580 1473 754 1550 praecordia
776 1474 873 1552 gentis
894 1476 1012 1550 acerba,

190 1581 234 1644 Ne
256 1582 343 1645 labor
363 1581 421 1644 iret
441 1581 484 1644 ibi
504 1581 707 1662 nequidquam
729 1583 852 1656 effusus,
875 1585 912 1646 ad
935 1601 1023 1666 agros

190 1689 310 1754 italicos
331 1691 427 1764 rediit,
452 1691 657 1771 toeeuudaque
680 1692 811 1770 gramina
833 1694 940 1756 fructu.

189 1801 283 1864 Antra
304 1819 471 1863 murmures
492 1799 628 1862 inclusus
650 1799 763 1862 Tibrim
784 1802 1061 1866 interiturarum·

142 1911 213 1980 nnn
236 1910 354 1972 Christo
376 1909 501 1990 aceepit,
523 1910 667 1989 postremi
689 1910 806 1989 insigne
829 1911 927 1990 sigilli,

190 2020 342 2098 Stigmata,
366 2037 442 2100 qnae
464 2016 605 2081 membris
627 2018 715 2080 binos
736 2020 763 2080 is
784 2021 880 2096 gessit
900 2021 930 2082 in
952 2036 1056 2085 anuos.

231 2129 430 2209 Posteaquam
452 2127 562 2190 eutitii
584 2128 688 2204 visum,
712 2129 763 2208 qui
784 2129 853 2192 dots
874 2128 1021 2192 bonorum

190 2238 284 2302 Tanta
306 2239 388 2301 hune
408 2238 540 2312 donarat.
564 2238 723 2318 suetoque
744 2245 895 2306 aunuente
915 2239 1056 2320 pmitlum
1080 2267 1083 2275 .

182 2347 344 2412 attrahere
365 2357 550 2427 assumptum
570 2347 719 2430 promissa
742 2349 779 2410 ati
800 2359 933 2429 praemia
953 2349 1048 2426 aurit
1145 2373 1148 2384 ·

127 2469 173 2524 lun
188 2457 344 2520 Fratribus
366 2457 415 2520 ille
438 2470 532 2532 suam,
554 2466 588 2520 ut
605 2458 696 2540 iustis
717 2457 906 2531 haeredibus,
929 2475 1025 2538 aeque

189 2569 530 2648 Cessiteommendans,
553 2585 611 2648 qua
632 2567 674 2628 nil
695 2567 753 2629 eibi
775 2568 874 2630 rarius
894 2581 1027 2647 unquam

187 2679 221 2741 ln
242 2679 301 2740 rita
324 2677 594 2752 fuerauitnminam
616 2676 673 2738 hes
694 2675 840 2752 nauum
860 2685 894 2740 nt
915 2678 1003 2740 istam
1081 2709 1084 2722 =

188 2789 369 2852 constanter
388 2787 529 2860 ualerent,
548 2786 608 2848 tide
631 2786 719 2848 imant
740 2797 863 2868 pectore
886 2796 1034 2864 amarent3

187 2898 282 2979 Hujus
304 2906 335 2960 et
355 2915 372 2958 e
395 2897 506 2976 gremio
529 2896 657 2958 emissus
680 2896 840 2960 astutiora
862 2898 899 2960 ad
920 2915 1009 2960 auras

127 3019 172 3074 lut
189 3007 316 3088 Spiritus
338 3005 476 3084 egregius
497 3007 589 3069 veluit
608 3005 766 3086 redituque
787 3006 901 3086 recepit

187 3117 221 3180 ln
244 3135 298 3180 sua
319 3136 353 3180 se
374 3131 475 3194 regua,
498 3115 584 3178 istam
606 3133 697 3178 unam
717 3115 811 3178 decus
832 3133 904 3179 esse
923 3117 1024 3180 iuraui

188 3227 241 3289 Sat
262 3226 375 3288 ducens
396 3225 507 3305 positu.
529 3256 572 3272 -
593 3225 680 3288 Nune
700 3233 799 3288 teatin
822 3225 936 3305 conjice
957 3234 1065 3300 mente,

189 3335 293 3411 Qualis
315 3345 378 3398 eret
399 3336 500 3398 socius
522 3335 651 3399 cimbam
673 3353 791 3398 serrare
812 3335 927 3415 peritus

186 3446 278 3519 Petri,
302 3454 391 3526 utque
413 3447 568 3528 explorare
589 3445 651 3527 poli
675 3453 737 3508 rata
759 3445 792 3506 in
814 3463 944 3524 aequore
967 3444 1062 3524 signa.

125 3573 171 3626 11⁰
229 3557 293 3618 linx
316 3557 372 3618 tuit
392 3556 440 3617 hie
461 3565 574 3617 noster.
618 3555 718 3629 Quare
739 3554 794 3616 tihi
815 3571 907 3616 neree
927 3553 1037 3629 licebit,

188 3667 283 3742 Quam
306 3665 412 3727 lectam
435 3681 564 3726 messem
587 3665 671 3738 terat,
694 3665 879 3744 hunc-quae·
895 3663 981 3726 turha
1003 3673 1164 3746 sequatur*

185 3775 224 3839 Ut
241 3774 335 3856 jubet.
376 3775 414 3837 tt
433 3793 467 3838 se
489 3773 614 3855 implere
635 3791 710 3836 nura
731 3791 802 3853 grex
823 3773 911 3836 istius
932 3793 1000 3838 esca

184 3885 278 3948 Ardet
297 3883 385 3946 hians
407 3884 494 3957 adeo,
514 3891 548 3945 ut
569 3901 629 3944 non
652 3883 691 3945 sit
711 3883 872 3963 pronibere
894 3891 1036 3964 potestas,
1061 3910 1073 3921 ··

186 3993 265 4070 Quin
287 3991 499 4076 pertinemus
522 3992 614 4056 saltus
635 3993 750 4072 patatm
772 3992 905 4074 numen?

123 4111 168 4166 ut
186 4103 313 4182 Quoque
335 4103 429 4182 magis
451 4102 583 4182 muudus
604 4101 695 4181 lunge
715 4103 833 4183 lateque
855 4110 1003 4182 vagantur,

185 4205 342 4274 Tantu'ad
364 4211 442 4274 ovile
462 4211 558 4290 magis
579 4211 714 4274 retertmt
733 4231 767 4274 se
789 4211 875 4274 laetis
897 4212 1014 4274 inanes.

182 4322 284 4386 Nosco
305 4322 446 4403 equidem
467 4341 502 4385 ex
523 4323 590 4386 istie
612 4321 734 4402 aliquas,
757 4337 833 4401 quan
855 4321 962 4384 namna
984 4321 1121 4384 umentes
