3142 5166
87 379 91 522 Ι
565 429 747 481 ΡῦἣῦΔΤΟΜΙ
764 429 831 481 nvn.

86 523 1297 553 imm—..mm

194 649 273 711 Priri
297 665 364 710 cum
387 655 517 727 nequeat
537 664 597 708 non
619 655 811 730 prospectore
834 645 969 720 salutem,

194 759 254 820 Res
276 756 338 819 odii
361 758 474 836 proprii
497 775 617 837 semper
638 773 741 818 secure
764 756 904 819 manebit

195 867 256 930 Sed
279 867 347 947 quia
371 885 427 928 nec
448 867 571 937 scissus,
595 884 651 930 nec
673 885 728 947 per
749 885 781 928 se
804 873 882 928 sture
905 865 970 928 siue
991 865 1042 929 ilio

193 977 295 1038 Primo
317 975 397 1038 ullus
418 983 532 1055 posset.
556 975 600 1038 sie
621 984 651 1038 et
671 975 892 1056 praescinditur
914 976 1012 1038 omnis
1092 999 1095 1007 s

146 1101 177 1154 ss
195 1087 306 1148 Caussa
330 1085 391 1150 odii
415 1086 445 1150 in
467 1087 605 1164 primum.
648 1087 800 1165 Superest,
823 1086 849 1148 si
871 1094 953 1148 recte
973 1085 1046 1147 mihi
1068 1103 1153 1148 mens

195 1195 276 1257 Haeo
298 1195 479 1258 discernenti
501 1203 556 1264 est.
579 1203 620 1268 ut,
644 1214 719 1275 quae
741 1194 817 1257 mele
841 1195 987 1275 quispiam
1009 1203 1129 1268 emeret,

161 1375 168 1388 ι
196 1304 229 1366 lu
253 1303 379 1368 similem
402 1305 457 1368 istu
479 1305 525 1367 sui
546 1305 704 1378 cederent3
727 1311 815 1385 ntque
837 1313 938 1366 aestus
958 1307 1068 1367 umoris
1201 1286 1204 1292 ’

195 1413 256 1476 iste
277 1413 347 1474 iimo
370 1413 401 1478 in
423 1421 522 1476 vestro
544 1421 648 1476 nutura
670 1415 785 1494 triplice
808 1423 935 1476 constet.

194 1521 250 1584 Est
270 1523 330 1602 qui,
352 1522 450 1587 vicino
472 1523 593 1598 afflicto,
617 1541 650 1585 se
672 1523 817 1586 excellere
837 1543 930 1603 posse

134 1649 179 1701 too
195 1633 321 1712 Spernt3
344 1632 506 1696 etidcirco
528 1641 642 1694 tanturm
664 1633 700 1694 de
723 1633 851 1695 culmine
874 1633 1018 1694 inimum

195 1742 281 1804 Hunc
303 1743 385 1822 eupit
407 1741 544 1822 ejecmm.
588 1743 643 1804 Est
664 1743 714 1822 qui
735 1761 799 1804 rem
821 1744 988 1822 famamque
1009 1751 1137 1814 veretur,

194 1851 233 1913 lit
253 1850 355 1924 decus,
376 1860 464 1932 atque
486 1871 587 1914 suram
608 1852 686 1931 vulgi
708 1871 746 1914 ne
767 1853 889 1926 emittet,
912 1851 963 1914 ubi
985 1851 1059 1914 niter

194 1961 349 2034 Emineu13
371 1979 464 2041 quere
485 1969 583 2024 tannes
605 1962 693 2024 dolor
713 1970 839 2042 occupet
861 1963 959 2033 istum,

198 2071 234 2134 Ut
256 2069 403 2134 conusrio
425 2079 512 2132 emet.
555 2071 632 2134 Sunt
654 2091 730 2152 quus
752 2071 857 2152 injuris
880 2071 976 2134 suevit

135 2197 179 2252 loo
196 2179 353 2259 Exegitere
374 2180 426 2254 iro,
448 2181 633 2261 cupidosque
656 2181 795 2243 ulciscier
815 2181 933 2243 hostem

197 2292 342 2365 Efficere3
365 2299 396 2352 et
415 2306 510 2367 genus
532 2291 589 2352 hoe
610 2290 763 2354 hominurn
786 2289 844 2354 sihi
865 2291 935 2368 figet
957 2298 1076 2370 oportet

198 2402 297 2464 Mente
318 2400 428 2462 mulum
449 2399 581 2464 citerius.
624 2400 712 2464 Venit
733 2400 810 2463 inire
833 2419 917 2462 emur
938 2401 994 2462 iste
1016 2400 1158 2463 triformis

200 2511 281 2573 Orbe
303 2510 359 2572 sub
381 2509 440 2572 hoc
461 2510 588 2572 dendus.
622 2509 695 2572 Volo
718 2528 806 2584 nunc,
830 2518 875 2572 snt
895 2509 1006 2572 lumine
1029 2510 1109 2573 eluro

200 2619 362 2700 Concipins
383 2619 473 2682 elium
494 2619 571 2682 bons
594 2627 762 2700 espteutem
783 2621 888 2682 ordine
909 2639 1011 2701 pravo.

138 2743 183 2796 11⁰
201 2731 348 2810 Quisquis
371 2729 494 2792 confuse
517 2730 684 2810 apprendit,
708 2729 787 2810 quod
811 2749 900 2810 posse
918 2731 1022 2812 juvero

200 2841 240 2904 Se
261 2847 353 2920 putat,
376 2839 455 2902 unde
477 2840 562 2918 quies
583 2839 682 2901 animo
705 2839 853 2912 illabatur,
876 2847 906 2902 et
929 2848 1026 2921 optut:

199 2949 273 3013 Nom
296 2949 431 3029 quisquis
452 2957 561 3012 metum
584 2950 691 3030 cupide
714 2950 867 3012 contendit
888 2950 923 3012 od
946 2950 1042 3012 istem.

242 3060 276 3122 Si
296 3077 361 3133 ros,
384 3067 536 3122 cessantes
559 3077 741 3138 cognoscere
763 3061 825 3122 sive
847 3060 937 3139 potiri

199 3168 294 3241 Telis,
316 3167 415 3230 lentus
437 3187 522 3230 emur
541 3170 639 3244 trehit,
663 3171 746 3244 haec,
769 3170 820 3232 ubi
842 3170 899 3231 rite
920 3168 1049 3231 dolendo

138 3282 183 3335 tls
199 3278 390 3342 Poenituisse
411 3279 495 3358 prius
516 3296 570 3340 ros
593 3288 718 3354 constet,
741 3297 859 3342 sumere
880 3295 994 3357 poenes

200 3389 289 3450 Jusse
312 3405 423 3450 corona
445 3389 508 3450 tuit.
548 3389 631 3462 Quae
652 3409 713 3452 uon
736 3390 807 3452 sinit
828 3407 896 3450 esse
917 3387 1032 3460 beatos,

199 3498 298 3560 ultera
321 3498 419 3576 imago
440 3498 511 3560 boni
534 3507 589 3572 est,
612 3499 730 3562 felicem
752 3498 862 3561 ducem
883 3498 972 3559 vitum

200 3607 267 3670 Non
289 3607 397 3683 donst;
419 3625 480 3670 uon
502 3609 559 3671 ists
580 3608 700 3689 quidem
723 3615 826 3671 nouus
848 3608 977 3686 benigne

201 3717 415 3798 Cuiuscunque
435 3717 508 3782 honi
530 3719 644 3780 fructus
666 3718 784 3780 radixre
806 3716 936 3798 putando
957 3724 1014 3778 est

139 3834 185 3887 tw
202 3827 262 3901 Qui
283 3826 342 3888 sibi
365 3845 449 3888 emor
469 3827 559 3891 nimis
581 3829 712 3903 indulsit,
735 3847 828 3908 seque
850 3835 880 3890 et
900 3845 953 3888 sue
974 3826 1090 3896 emovit,

201 3936 260 3998 Per
281 3944 421 4000 tres-nos
443 3955 533 4016 supra
555 3938 651 4000 circos
673 3946 718 4000 est
739 3938 864 4011 debilis3
886 3944 932 3998 ost
953 3935 1004 3998 hic

202 4045 302 4120 Quare
325 4047 508 4126 tergeminus
529 4048 653 4121 dicetur,
673 4047 759 4110 mitto
782 4047 901 4118 docere,

201 4155 315 4219 seeum
336 4156 436 4220 auimo
456 4165 490 4219 ut
510 4165 640 4238 reputes,
664 4158 844 4238 studensque
865 4156 1015 4237 inquirere
1037 4171 1183 4217 caussam.
