3116 5162
654 331 658 346 ·
770 383 941 438 emortuo.

385 567 470 632 'luno
492 584 547 648 ego
569 567 616 632 sio
637 569 740 649 eoepi:
762 570 930 634 venerande
950 577 1047 650 poete,
1070 567 1199 634 libenter

292 681 325 729 rt
341 669 423 744 llius,
446 669 497 750 qul
519 669 631 750 puriter
652 677 733 734 lente
753 669 870 734 levitate
893 671 1035 742 teruntur,

341 771 519 851 Alloquerer
538 770 681 850 paullum.
724 771 806 834 blare
828 773 873 834 sle
894 771 950 834 eit:
973 789 1045 851 ergo
1067 770 1175 841 videto,

343 873 442 946 Quum
464 871 554 934 nobie
574 872 724 935 volitoodo
747 872 867 954 quidem
889 872 1000 936 luerint
1020 871 1189 953 propiores,

342 972 427 1036 'luno
448 973 516 1035 illos
537 991 593 1052 per
613 993 682 1037 eom
703 973 821 1038 dulcem
842 974 986 1054 rogitabis
1007 992 1150 1046 emonem,

343 1074 401 1148 Qui
422 1075 467 1136 sio
487 1075 545 1136 bos
565 1075 678 1156 puriter
696 1074 786 1138 binos
809 1077 958 1148 conducit,
981 1084 1013 1138 et
1032 1075 1076 1137 illi

342 1176 408 1238 blox
429 1176 558 1240 venient.
600 1176 694 1254 lqltur
714 1185 814 1256 pereto
834 1176 998 1256 vigilanter,

342 1279 500 1358 Quumque
522 1277 590 1340 illos
611 1277 700 1340 nobis
721 1289 825 1340 ventos
848 1277 919 1341 leoit
940 1295 1008 1342 esse
1030 1274 1227 1357 propinquos,

292 1387 325 1438 80
342 1379 438 1442 Lobre
459 1397 592 1452 movens,
615 1397 643 1452 o,
656 1378 725 1451 'dio
747 1380 873 1454 enimse,
896 1379 1006 1460 quibus
1027 1376 1112 1440 noxie
1133 1395 1201 1440 sors
1223 1385 1270 1441 est

340 1480 483 1541 Nostrum
504 1480 541 1543 nd
563 1479 754 1560 colloquium,
777 1480 858 1542 nullo
880 1479 1075 1560 probibente,
1092 1475 1202 1540 venile.

385 1580 543 1661 Quumque
564 1581 640 1643 bebo
661 1581 812 1656 dixissem,
834 1581 938 1662 quoles
960 1579 990 1642 in
1013 1597 1115 1642 omore
1136 1577 1299 1650 columbae,

342 1682 423 1755 Ques
446 1681 549 1743 dulces
571 1682 633 1744 nidi
655 1691 806 1756 revocent,
829 1681 1025 1746 stridentibus
1045 1680 1111 1753 elis,

340 1783 407 1844 lllox
430 1783 467 1844 ed
488 1801 545 1846 nos
566 1783 679 1863 puriter
699 1784 825 1846 volitent
845 1802 900 1864 per
920 1783 1010 1845 inane
1031 1781 1202 1860 malignum,

291 1889 323 1940 85
341 1883 471 1946 Tristem
492 1884 662 1965 linquentes
683 1885 793 1948 dietum
815 1904 831 1947 a
853 1883 967 1946 Didone
989 1883 1153 1946 cohortem.

342 1984 437 2046 Tanta
458 1984 515 2048 luit
535 1984 647 2048 nostris
668 1986 714 2048 ris
735 2001 771 2048 oe
791 1985 958 2048 substantie
979 1984 1091 2048 serbis.

341 2086 441 2166 Seque
464 2085 553 2148 simul
575 2086 695 2161 sistunt,
717 2105 842 2168 querum
864 2086 909 2148 sie
930 2103 989 2148 uno
1011 2085 1111 2148 loeute
1134 2093 1196 2148 est:

385 2187 409 2249 0
433 2187 480 2250 oui
502 2187 593 2250 multe
615 2187 683 2250 dele
706 2196 754 2251 est
774 2187 897 2251 ooeleeti
919 2186 1013 2266 gretie
1034 2185 1125 2258 dono,

341 2289 426 2369 Oque
447 2288 610 2368 benignum
632 2288 749 2365 nointel,
772 2289 821 2352 oui
843 2297 946 2352 nostre
968 2287 1069 2350 videre
1090 2294 1263 2368 peretrum

339 2393 416 2452 llere
437 2390 573 2454 collibuit
593 2390 670 2455 mele
691 2392 751 2456 leto
773 2398 942 2471 statumque
963 2389 1131 2472 molanum,

289 2497 323 2548 tto
340 2491 467 2554 Vulnere
488 2492 653 2572 sanguineo
676 2491 728 2572 qui
749 2491 907 2572 pulchrum
930 2490 1072 2554 tinuimus
1094 2489 1206 2561 orbem,

339 2592 459 2655 Aeterni
481 2593 561 2672 regis
582 2592 609 2654 si
631 2601 661 2654 te
682 2610 841 2655 nossemus
863 2591 1001 2664 suricum,

340 2693 417 2757 lluie
437 2712 493 2775 pro
515 2711 590 2774 peoe
612 2701 661 2756 tuo
682 2692 825 2774 repetitos
845 2693 1067 2774 porrigeremus

339 2794 454 2876 Nempe
474 2813 590 2875 preoes.
612 2803 735 2857 nostroe
757 2795 897 2874 quoniam
918 2791 1062 2856 miserere
1083 2792 1197 2856 ruinae.

339 2895 403 2970 llio,
426 2896 498 2978 quid
520 2913 600 2958 nuno
621 2895 724 2958 audire
746 2895 828 2968 nelis,
850 2905 881 2958 et
901 2895 1031 2958 mentale
1052 2893 1109 2958 sub
1130 2913 1190 2976 quo

288 3001 322 3052 9⁵
340 2997 514 3060 Sermonem
536 2997 619 3072 uere
641 2995 728 3061 nobis
750 2995 853 3060 andire
873 2995 1004 3078 pleoebit

338 3099 398 3162 llos
419 3097 565 3180 vobisque
586 3097 680 3180 loqui,
701 3098 772 3162 <lum
794 3098 839 3160 sio
861 3105 949 3171 tecet,
968 3104 1002 3159 nt
1022 3097 1113 3160 modo
1134 3105 1251 3160 rentes.

380 3199 467 3274 Urbs.
489 3199 540 3264 ubi
562 3208 630 3264 neto
652 3200 704 3274 lui,
726 3209 773 3264 est
793 3199 851 3262 site
871 3199 970 3274 litore,
991 3217 1049 3279 que
1070 3198 1169 3261 Padus
1190 3198 1295 3278 iugens

338 3301 372 3363 ln
393 3320 475 3367 mere
496 3298 682 3382 praecipitet,
706 3300 764 3365 sibi
785 3303 871 3364 firma
892 3300 1071 3381 sequacibus
1093 3309 1126 3362 ul
1144 3317 1203 3382 per

273 3403 321 3454 ¹⁰⁰
338 3402 384 3465 Sit
403 3422 472 3465 oum
494 3401 640 3464 finitimis.
684 3402 776 3466 Amor
795 3401 884 3476 bono,
909 3401 959 3484 qui
981 3399 1083 3464 nobile
1104 3401 1202 3482 cerpit

338 3503 397 3566 Cor
418 3501 559 3575 bominis,
581 3501 682 3564 subito
703 3519 813 3586 eorpus
834 3504 907 3566 lum
927 3510 1064 3566 cerneret
1084 3502 1166 3576 illut.

337 3603 391 3666 Cui
413 3604 548 3686 subjecte
570 3604 623 3680 lui,
645 3605 754 3686 unique
775 3604 877 3668 innota
897 3611 1036 3667 venustos

336 3705 389 3767 Sie
409 3723 457 3767 me
467 3708 498 3784 *l
519 3706 688 3786 prostravit,
710 3707 790 3790 oepit
810 3715 987 3787 mptnmque
1007 3705 1143 3785 peremit,

336 3805 443 3887 lleque
464 3807 563 3881 simul,
586 3806 699 3890 puriter
718 3808 827 3872 lumem
847 3806 994 3870 laedendo
1016 3807 1166 3881 decorem,

337 3906 420 3970 ldem
441 3926 489 3971 me
512 3909 600 3990 oepit,
624 3909 675 3988 qul
697 3909 771 3973 nulli
792 3909 888 3992 poroit
908 3916 1015 3980 emoto,

335 4009 504 4089 Aureteque
525 4027 625 4074 meum
646 4009 743 4090 tetigit
762 4011 808 4074 sie
829 4007 953 4091 cuspide
974 4017 1090 4089 peetus,

271 4127 319 4180 tot
336 4109 374 4174 Ul
395 4128 460 4184 nos,
484 4117 515 4172 nl
536 4109 644 4184 cernis,
667 4129 787 4193 semper
807 4114 966 4174 comitetur
985 4120 1127 4174 meotes.

336 4211 394 4277 llio
414 4229 499 4276 emor
518 4211 652 4276 incestus
672 4220 799 4277 mortem
819 4211 961 4277 conduxit
981 4211 1018 4276 sd
1040 4229 1128 4276 unam

282 4434 307 4496 *l
325 4436 372 4488 Sub
389 4449 425 4487 ue
442 4439 540 4498 eorrupit
554 4432 708 4484 orellroo
