3116 5162
246 431 313 476 Kttv
782 410 956 462 natussum.

245 598 304 694 pis-
318 597 556 694 descriptarum
578 597 662 670 ultro
686 595 853 686 turbaret,
874 599 956 665 ncv'e
978 594 1051 690 ipsa
1073 595 1217 668 auctoris
1240 593 1339 666 rerba
1368 596 1482 670 oculos

246 716 439 813 cujusquam
460 715 624 811 lugerent,
647 713 713 786 lruc
734 713 873 808 relegari
889 711 1194 788 commodissimum
1211 713 1483 811 aptissimumque

245 833 439 931 putarimus.

318 1033 325 1050 .
347 951 442 1024 Prior
473 949 738 1024 adnotatiuncula
768 948 908 1021 liabetur
933 947 1047 1021 Parad.
1073 948 1113 1040 ΙΙ,
1135 971 1164 1020 v.
1193 949 1262 1041 16,
1284 948 1340 1022 ubi
1364 949 1399 1020 in
1428 975 1483 1022 aa·

247 1070 474 1144 teccdentibus
497 1093 606 1142 sermo
630 1078 682 1141 est
707 1067 748 1139 de
772 1066 907 1140 Dante
931 1067 965 1138 in
989 1090 1109 1163 corpus
1135 1067 1232 1140 lunae
1256 1067 1423 1162 ingresso,

480 1203 517 1266 Ut
537 1201 644 1281 recipit
664 1201 760 1264 lucem
782 1201 909 1263 fluvialis
931 1209 1011 1280 gutta
1034 1201 1207 1274 cohaerens,

246 1332 280 1394 et
304 1322 422 1395 deindo
446 1322 487 1394 dc
511 1327 648 1392 naturae
670 1319 797 1391 divinae
829 1341 904 1392 cum
929 1319 1071 1392 humana
1102 1319 1353 1416 conjunctione,
1384 1345 1484 1417 quam

245 1440 347 1513 multo
376 1439 501 1536 majore
531 1437 755 1536 (ardentiore)
786 1437 1002 1511 admiratione
1035 1438 1157 1510 habere
1184 1438 1316 1534 diguam
1342 1439 1476 1511 deceat:

278 1583 282 1592 ’
395 1607 438 1619 -
459 1605 501 1618 -·
520 1607 563 1668 .-
583 1572 677 1634 multo
699 1572 796 1634 acrius
818 1580 899 1634 esset

395 1673 565 1738 Ardendum
588 1673 675 1736 nohis
697 1673 834 1738 mirarier
854 1673 935 1734 illius
956 1692 1031 1748 esse,

399 1776 457 1850 Qui
480 1775 538 1837 ribi
560 1774 869 1856 conjunxituaturaur
890 1774 1081 1855 hominisque
1102 1775 1224 1854 lleique.

321 1911 568 1984 Commentatus
590 1921 642 1982 est
662 1908 813 1981 Piazza
833 1933 931 1984 usum
953 1909 1103 1982 infinitivi
1117 1932 1213 1982 esso
1239 1910 1341 1982 hocce
1356 1910 1482 1982 modo:

394 2028 497 2101 Esse
521 2053 580 2125 pro
610 2029 755 2101 essentia
786 2031 901 2125 (quam
924 2027 1028 2123 ipsam
1057 2029 1189 2126 quidem
1211 2053 1325 2100 vocem
1350 2027 1483 2100 Latium

395 2148 549 2242 ignorare
569 2169 637 2219 non
655 2147 790 2244 ignoro)
817 2171 843 2218 s,
861 2155 995 2218 notura.
1025 2146 1092 2219 cn.
1109 2146 1241 2219 Lucret
1256 2147 1310 2238 lV,
1328 2147 1403 2238 99,
1424 2146 1483 2218 ubi

396 2253 445 2339 de
463 2266 622 2362 speculis:

444 2399 517 2464 Base
538 2401 569 2462 in
590 2399 769 2480 imaginibus
790 2399 890 2461 missis
911 2399 1078 2462 consistere
1100 2417 1213 2462 eorum.

243 2535 333 2609 ldem
358 2546 456 2634 poeta
481 2535 582 2607 habet
606 2535 855 2608 meminisse
881 2557 941 2630 pro
967 2534 1125 2606 memorio
1150 2534 1171 2607 Ι.
1197 2533 1251 2640 lll,
1277 2559 1307 2606 v.
1335 2535 1428 2610 769:

368 2671 527 2734 Praeterea
548 2667 767 2731 meminisse
784 2667 864 2748 jacet
883 2667 1061 2749 languetque
1082 2687 1192 2750 sopora
1210 2675 1267 2731 etc.

342 2804 487 2879 Alteram
505 2803 764 2896 adnotationum,
782 2803 822 2876 de
845 2803 964 2902 quibus
987 2827 1086 2901 supra
1108 2804 1261 2898 diximus,
1280 2803 1482 2901 adscriptam

242 2922 384 2997 vidimus
409 2921 526 2994 Parad.
551 2920 634 3013 XVl,
657 2923 725 2994 84:

306 3051 312 3064 ’
392 3027 432 3120 m
452 3075 561 3138 genere
582 3057 705 3137 antiquo
724 3056 836 3121 nudtos
856 3055 1025 3139 opibusque
1046 3063 1194 3137 potentes.

342 3191 391 3266 lbi
417 3192 458 3266 de
479 3191 722 3291 praetermissis
751 3193 787 3264 in
811 3190 968 3264 vertendo
991 3193 1157 3265 nonnullis
1183 3191 1373 3265 nominibus
1403 3215 1483 3289 pro·

242 3311 323 3408 priis
352 3313 398 3384 ita
427 3335 464 3384 se
490 3320 624 3385 excusat
648 3311 785 3384 Pisaea:
826 3311 930 3384 Omisi
963 3309 1017 3383 hic
1042 3321 1076 3385 et
1102 3311 1188 3385 inlra
1223 3312 1317 3409 plura
1344 3315 1484 3386 nomina

241 3429 326 3502 male
353 3429 389 3501 in
412 3427 530 3502 Latino
553 3430 725 3521 sonantia,
758 3453 801 3500 ue
834 3429 979 3502 taedium
1008 3439 1176 3502 crearetur
1201 3431 1378 3529 peregriua
1410 3441 1484 3504 tau·

243 3572 341 3644 quarn
360 3547 531 3621 barbarica
556 3546 810 3620 fastidientibus.
850 3547 972 3620 Omissi
999 3560 1077 3622 sunt
1097 3549 1200 3644 igitur
1217 3549 1482 3642 Soldauieri,

241 3664 472 3761 drdinglai,
513 3664 726 3754 Bostichi3
769 3666 864 3762 paulo
899 3666 985 3740 inira
1013 3665 1253 3768 Saochetti,
1286 3665 1482 3761 Giuochi,

243 3782 421 3876 Silenti,
447 3782 645 3877 Barucci,
670 3783 873 3876 Callaeci,
902 3785 1151 3881 Arrigucci3
1179 3787 1258 3858 item
1283 3811 1351 3860 non
1375 3787 1482 3860 multo

242 3912 319 4001 post
343 3901 639 3999 Caponsacco,
670 3903 904 3999 lnlangati.
970 3903 1064 3982 Nihil
1094 3905 1183 3977 enim
1216 3905 1370 4002 impedit,
1413 3931 1481 4002 quo

242 4021 352 4094 minus
380 4018 602 4092 haecomnia
632 4021 751 4094 absint

343 4138 516 4212 Caeterum
534 4162 662 4212 summo
688 4164 764 4213 cum
786 4141 894 4214 studio
913 4140 1011 4214 nobis
1031 4151 1162 4239 praesto
1179 4139 1315 4213 luerunt
1329 4163 1482 4238 operam·

242 4283 306 4357 que
340 4281 416 4332 cum
447 4257 482 4329 in
515 4255 654 4352 plagulis
687 4282 706 4329 a
739 4257 905 4354 typotheta
939 4259 1130 4357 descriptis,
1163 4259 1354 4357 priusquam
1387 4262 1481 4356 prelo

243 4377 412 4474 supposita
443 4375 631 4472 prodirent,
666 4375 889 4472 corrigendis,
927 4388 995 4454 tum
1029 4380 1063 4452 in
1098 4377 1364 4486 omnieditione
1390 4378 1482 4452 Divi·
