3136 5164
78 354 452 489 s——Wffl
597 409 731 460 remorer
751 411 774 459 v.
1187 413 1250 476 pgp

78 494 80 533 Ι
456 503 1120 518 „mwss—mm-m
1139 513 1147 517 -
1156 513 1169 518 ⁴-
1177 513 1187 520 .-

76 692 79 755 l
135 643 167 697 ne
183 629 242 691 Pro
265 627 360 690 lubito
383 627 509 709 simplex
530 629 639 690 miscet
659 646 713 691 sua
735 629 849 708 proelia
870 614 986 693 seeum.¹

225 739 307 802 llaee
329 736 414 811 milri,
437 757 513 818 qnae
534 737 649 818 plaouit
669 739 792 819 seriptis
814 739 966 814 mundare,
988 741 1130 805 Bnurnrx.

183 848 259 911 Dein
280 847 399 928 eupida,
422 856 453 910 et
473 847 586 910 sanetis
608 848 754 912 exardens
776 857 837 910 tota
858 848 968 910 favillis

183 959 237 1020 llla
259 958 356 1022 obolis
378 967 493 1050 partem
516 955 618 1020 mundi
641 957 798 1036 quaesivit,
821 956 871 1020 ubi
894 976 946 1020 ere
1028 993 1030 1000 ι

183 1069 256 1131 Plus
277 1067 372 1148 fulget
392 1065 485 1128 vivax.
529 1066 813 1148 liujus-retinentia,
833 1067 931 1129 vultus

76 1201 78 1206 ·
136 1185 168 1240 85
184 1179 324 1248 Mutatus,
347 1195 422 1238 nova
444 1175 572 1238 volventi
595 1175 772 1256 ardentique
793 1192 900 1253 rogare

184 1287 309 1366 Ingenio
332 1286 453 1367 abrupit
473 1303 645 1360 sermonem
668 1293 759 1366 utque
780 1286 898 1363 sagitta,

186 1397 253 1470 Quo
274 1397 368 1460 missa
390 1404 446 1468 est,
469 1405 529 1458 stat
548 1395 606 1456 lixa
628 1394 722 1474 prins,
745 1413 833 1474 quarn
856 1395 967 1458 oborda
989 1397 1132 1477 quiescat,

186 1507 237 1570 Sie
259 1505 341 1568 sensi
362 1524 488 1583 reguum
510 1523 568 1566 nos
588 1505 734 1584 irrupisse
756 1505 931 1568 seeundum.

75 1585 77 1605 ι
228 1617 285 1678 llio
306 1595 546 1696 praeportantem
570 1623 628 1676 tarn
650 1614 728 1676 laeta
750 1613 857 1692 gaudia
880 1616 978 1678 fronte

75 1776 78 1799 ,
136 1737 169 1788 tto
187 1727 272 1787 Tune
293 1725 354 1786 vidi
376 1725 542 1794 Dominam,
565 1732 725 1804 postquam
747 1742 780 1784 se
803 1724 833 1784 in
855 1724 922 1786 lune
944 1725 1052 1788 lecerit

75 1804 78 1874 ⁵
185 1836 270 1898 rurus
293 1833 384 1908 coen,
407 1841 440 1896 ut
460 1833 621 1896 rannone
642 1833 708 1912 ipse
729 1832 849 1912 planeta

187 1945 325 2006 Uberius.
369 1943 485 2017 Quodsi
508 1962 576 2006 sese
599 1941 772 2015 immutavit,
796 1955 826 2004 et
847 1961 954 2005 eureo-

186 2056 260 2133 lgne
282 2065 394 2117 astrum
416 2053 494 2128 risit,
514 2052 587 2133 quid
610 2069 666 2130 ego
689 2051 831 2114 mnubile
853 2062 954 2116 nostre

75 2136 78 2191 ξ
188 2164 299 2226 Natura
322 2163 503 2228 omnimodis
525 2158 658 2224 animal?
681 2161 742 2224 Ceu
765 2181 905 2242 squamea
928 2162 1001 2225 olari

189 2383 249 2444 0re
271 2394 404 2444 armenta
425 2390 539 2462 petunt,
562 2399 662 2444 eseam
684 2391 763 2445 rata:
786 2381 832 2444 sie
853 2399 908 2460 ego
930 2382 990 2444 vidi

75 2460 77 2575 ἶ
188 2491 281 2555 blillia
303 2492 497 2573 splendorum
517 2491 603 2554 lateri
626 2491 857 2570 agglomerantia
879 2501 993 2564 nostro,

75 2580 78 2619 '
189 2602 372 2682 singulaque
394 2600 529 2682 aiebant:
552 2601 630 2662 Eece
651 2600 743 2676 illam,
764 2619 840 2680 quse
861 2611 950 2680 anget
971 2621 1089 2665 amores

74 2794 77 2802 Ι
189 2713 333 2786 Nostros;
357 2731 475 2791 quoque
497 2710 592 2788 magis
614 2720 739 2791 propter
760 2729 794 2772 se
815 2730 953 2791 quaeque
976 2713 1092 2777 lerebet

75 2825 77 2855 l
127 2831 173 2884 loo
189 2821 308 2894 Umbra,
331 2821 487 2884 ridebatur
507 2821 580 2884 dare
602 2819 709 2899 gaudia
730 2821 818 2901 plena
841 2821 976 2884 vibrante

74 2986 76 3015 ,
188 2931 315 3010 Fulgore
338 2931 459 3004 emisso.
475 2963 517 2976 --
538 2931 581 3003 ld,
604 2931 708 3002 lector,
730 2931 777 2992 iao
798 2939 898 2992 mente
919 2932 1050 2994 volutes:

189 3041 221 3103 Si
244 3059 320 3120 quae
342 3041 392 3102 hie
413 3039 537 3120 incipio,
560 3058 627 3102 mox
650 3040 825 3120 impellente
846 3041 1023 3122 relinquam,

187 3151 307 3212 Nullum
330 3150 444 3214 addens
464 3149 597 3223 verbum,
622 3150 718 3230 qualis
740 3151 887 3212 enunieret
907 3159 1025 3229 egestas

73 3276 75 3305 ¹
189 3261 231 3321 Te
254 3259 332 3322 seire
354 3259 496 3321 ulteriora
519 3256 660 3321 aviilum?
682 3260 720 3322 Et
740 3277 922 3340 cognoscere
945 3261 1044 3340 quibis

72 3362 75 3387 ‘
126 3375 171 3430 1⁰5
188 3370 246 3432 Per
267 3381 307 3442 te,
331 3389 407 3450 quae
428 3368 527 3442 luerit,
551 3368 675 3432 simulne
697 3382 828 3449 patuere,
851 3369 961 3450 cupido

187 3480 299 3543 Audire
320 3479 387 3550 bos,
411 3479 508 3542 lantes
530 3497 605 3557 quae
627 3478 668 3540 sit
688 3479 754 3540 data
778 3478 884 3558 eoique
906 3478 1004 3540 leonto

72 3660 74 3671 Ι
188 3589 281 3652 lstbie
304 3588 447 3650 conditio.
492 3589 516 3650 0
540 3587 774 3651 animansbene
795 3597 874 3663 nate,
898 3589 1040 3670 triumphi

187 3699 309 3761 Aeterni
332 3699 421 3761 sedes
443 3698 492 3760 eui
515 3715 638 3760 eernere
659 3698 752 3777 gratia
775 3698 875 3771 donat,

71 3798 73 3911 ἐ
186 3811 263 3872 Ante
286 3828 303 3870 a
324 3807 430 3871 militie
454 3826 542 3888 qnam
560 3808 688 3889 jusserit
706 3808 765 3870 ista
782 3827 901 3881 -vaeore,

70 3958 72 3981 .
125 3932 171 3985 lle
188 3918 312 3981 Lumine
335 3917 487 3980 coelorum
510 3926 600 3980 tetam
623 3919 770 3998 spatiante
793 3936 848 3998 per
869 3918 965 3980 aulam

69 4010 72 4153 ⁴
187 4029 249 4090 Nos
272 4047 375 4090 snmus
397 4027 532 4102 ineensi3
554 4045 646 4107 quare
669 4028 695 4090 si
718 4029 795 4090 lorte
817 4027 952 4092 voluntas

186 4139 331 4201 Hortatur
352 4139 431 4200 olere
453 4137 600 4200 rationem
623 4138 740 4200 dieeere
762 4147 905 4212 nostram,

69 4208 72 4275 ξ
188 4249 303 4329 Sponte
324 4256 374 4310 tua
397 4249 476 4310 bene
497 4247 592 4327 exple.
616 4281 654 4294 -
678 4247 729 4308 Sie
751 4247 788 4308 de
811 4257 897 4311 coetu
919 4265 977 4310 una
1002 4248 1119 4327 piorum

69 4389 71 4399 =
188 4357 252 4420 l'ita
275 4357 328 4419 illo
350 4357 442 4432 uixit,
464 4356 636 4439 pariterque
658 4367 702 4420 est
726 4358 786 4418 lata
806 4357 952 4420 Querar
