3124 5170
564 401 880 412 ...n-...—

736 457 930 508 lNliEllllOllllll
948 457 1024 506 txtx.

425 681 486 742 Nos
508 679 587 758 longi
610 689 770 742 extremam
792 677 929 757 scopuli,
951 677 1063 738 laevam
1086 697 1181 758 usque
1203 685 1351 752 tenentes,

382 791 534 852 Descensu
555 789 685 870 petimus
706 787 818 868 ripam,
841 795 929 866 atque
950 785 1081 848 revivere
1103 787 1185 848 visus

383 901 467 961 Tunc
489 899 588 980 coepit
609 897 733 979 propius
756 899 854 958 lossae
876 895 951 966 ima,
975 896 1024 957 ubi
1047 915 1116 974 rege
1139 897 1195 958 sub
1217 896 1276 958 alto

381 1011 465 1072 Justa
487 1009 546 1083 ira,
570 1009 649 1070 baud
670 1007 787 1088 patiens
809 1005 885 1079 lalli,
909 1004 1090 1067 cruciatibus
1113 1006 1194 1084 angit

331 1126 364 1180 55
381 1118 552 1193 Falsifieos;
576 1126 663 1198 atque
685 1117 735 1178 hic
756 1116 930 1178 mulcandos
952 1115 1018 1194 ipsa
1039 1116 1161 1177 noterit.

383 1228 511 1289 Tristius
533 1228 612 1288 haud
634 1226 793 1307 quidquem
817 1225 946 1303 Aeginae
969 1224 1080 1286 vidisse
1101 1233 1236 1305 putarem

383 1338 557 1400 Confectum
579 1335 684 1398 morbo
707 1334 856 1396 communi
878 1335 997 1414 volgus,
1020 1334 1072 1396 ubi
1085 1325 1147 1396 =adr

323 1473 326 1482 ·
383 1448 434 1510 Sic
455 1447 562 1527 plenus
583 1445 655 1506 vitio
679 1445 750 1519 luit,
773 1453 805 1506 ut
826 1451 918 1522 gemis
939 1463 1028 1506 omne
1050 1443 1241 1516 animantum,

382 1559 425 1618 nd
448 1555 602 1618 minimum
624 1572 768 1627 vermem,
792 1554 957 1635 collapsum
978 1562 1075 1615 morte
1097 1553 1224 1633 periret3

332 1675 366 1726 6⁰
382 1667 419 1728 Et
440 1665 519 1744 genti
543 1663 681 1744 antiquae
703 1661 773 1725 dein
795 1663 909 1726 semina
933 1663 1123 1724 formicarum

382 1777 533 1838 Suffecere
556 1791 663 1834 novum
685 1773 843 1853 populum,
865 1781 896 1834 ut
918 1773 1055 1834 cecinere
1076 1780 1200 1852 poetae3

384 1889 477 1960 Quam
501 1883 550 1964 qui
574 1903 629 1962 per
649 1883 788 1944 tenebras
811 1881 890 1943 illius
912 1882 996 1944 vallis
1018 1900 1140 1944 acervos

384 1994 557 2057 Umbrarum
579 1992 678 2055 varios
700 1993 840 2071 languere
862 2011 986 2071 aegrore
1006 1991 1130 2054 videret.

382 2106 441 2166 lste
465 2103 652 2184 superjectus
673 2102 784 2175 ventri,
807 2113 890 2182 tergo
913 2102 963 2164 ille
980 2101 1102 2182 jacebat

331 2225 365 2279 65
382 2213 526 2286 nitemur,
549 2212 669 2293 quidam
691 2213 835 2293 reptando
858 2212 943 2274 triste
966 2211 1063 2273 cubile

381 2325 521 2386 Mutabat.
543 2357 585 2367 —-
607 2323 703 2384 Taciti
726 2339 782 2384 nos
804 2323 884 2385 lento
906 2322 1045 2384 incedere
1067 2339 1168 2401 passu,

382 2435 578 2498 Circumleme
602 2434 722 2506 oculos,
746 2451 910 2512 aegrosque
933 2432 1035 2494 audire
1058 2441 1226 2512 querentes,

382 2544 499 2605 Tollere
522 2543 572 2622 qui
594 2542 675 2604 nullo
698 2561 766 2603 sese
788 2543 944 2604 conamine
967 2541 1099 2622 quibant.

422 2654 492 2733 lpse
513 2653 588 2714 duos
609 2653 669 2713 ridi
693 2653 778 2714 nixos
800 2671 833 2714 sc
855 2659 974 2726 mutuo,
997 2671 1050 2712 ceu
1073 2671 1125 2712 vas

331 2773 365 2824 7⁰
380 2762 556 2842 Impositum
579 2762 657 2833 vasi,
681 2763 780 2824 caldat
802 2771 833 2822 ut
854 2781 922 2823 esca
946 2761 1087 2834 vicissim,

260 2900 263 3006 p
381 2871 523 2951 dcapite
546 2871 582 2932 ad
606 2871 722 2950 plantas
744 2871 906 2932 maculatos
927 2873 1058 2952 undique
1081 2872 1198 2933 crustis.

381 2981 465 3042 Haud
488 2999 616 3060 unquam
640 2979 746 3058 strigili
768 2999 896 3060 propere
918 2999 1093 3061 percurrere
1115 2981 1174 3042 ridi

382 3092 497 3169 Tergus
519 3091 587 3171 equi
610 3109 749 3170 puerum,
773 3089 894 3152 domino
917 3099 1107 3171 exspectante
1129 3099 1285 3163 moratum,

381 3203 438 3262 dut
459 3220 546 3281 quem
569 3200 724 3282 pertaedet
744 3201 890 3280 vigilando
913 3201 1021 3263 ducere
1043 3211 1176 3280 tempus:

332 3319 364 3372 td
382 3312 418 3373 Ut
441 3331 474 3372 se
497 3311 623 3392 quisquc
645 3329 734 3390 supra
757 3312 988 3392 properantibus
1009 3311 1157 3390 unguibus
1180 3329 1263 3372 acres

381 3422 436 3482 llic
458 3421 519 3482 illic
542 3421 647 3482 iterum
670 3439 787 3482 morsus
810 3421 992 3499 geminabat,
1015 3421 1053 3482 ob
1076 3421 1150 3482 iram

380 3531 545 3592 lndomitae
567 3529 691 3591 nimium
714 3530 875 3610 proriginis
896 3531 977 3592 omni
1000 3549 1056 3610 ope
1080 3538 1193 3611 captae.

382 3639 418 3700 Et
439 3639 623 3700 conabantur
643 3638 773 3701 scabiem
797 3639 854 3701 sibi
877 3641 1032 3702 detrahere
1054 3659 1177 3719 ungues,

381 3748 508 3810 Sardoni
531 3757 563 3810 ot
584 3749 679 3810 culter
700 3768 852 3829 squamas,
876 3757 927 3812 aut
948 3749 1071 3811 cuilibet
1092 3749 1143 3811 ulli

330 3865 364 3920 8⁰
380 3857 505 3936 Largius
526 3857 671 3920 instructo
693 3860 779 3938 pisci.
802 3893 841 3904 -
865 3860 938 3922 Tum
961 3861 1070 3922 talibus
1091 3879 1181 3922 unum

260 3980 263 4001 ¹
381 3968 422 4029 lle
446 3986 569 4029 numero
592 3985 764 4046 aggressus,
787 3969 875 4032 dictis
898 3971 955 4032 dux
977 3969 1084 4050 incipit
1104 3970 1197 4031 ultro:

260 4067 263 4119 Ι
382 4077 422 4151 0,
446 4076 495 4157 qui
519 4085 547 4138 te
569 4076 664 4140 lanias
687 4079 801 4156 digitis,
825 4089 857 4141 ut
879 4081 992 4161 forcipe
1015 4081 1128 4142 adunca

261 4228 263 4239 ·
380 4187 477 4267 Saepe
499 4205 589 4261 usus,
613 4187 676 4260 dic,
699 4205 736 4249 an
759 4189 914 4270 quisquam
937 4211 972 4252 cx
994 4191 1098 4256 tellure
1120 4190 1226 4252 Latina

261 4286 263 4353 i
380 4296 435 4358 llis
457 4297 631 4360 commistus
653 4305 715 4370 eat·,
739 4297 784 4361 sie
805 4300 913 4378 unguis
935 4309 1053 4381 tempus
1076 4299 1107 4362 in
1130 4317 1219 4362 omne

263 4492 264 4504 ἵ
330 4413 364 4468 85
382 4407 428 4469 Sit
449 4406 502 4470 tibi
525 4427 580 4488 par
601 4407 695 4488 operi.
718 4443 759 4454 -
782 4411 890 4472 Sumus
912 4411 1000 4473 ambo
1022 4429 1058 4474 er
1080 4419 1167 4490 gente
1189 4409 1303 4482 Latina,

260 3833 263 3876 l

262 4534 596 4618 l..„„..-„.....
615 4613 704 4620 ,,.-.
726 4615 760 4620 ,,
791 4615 801 4620 -
831 4615 909 4624 ,ψ
1086 4615 1093 4621 .
1148 4613 1320 4622 -.,,..,,
1344 4518 1490 4620 „ml
