3144 5164
317 389 380 450 314
780 388 915 440 rlutotsl
934 389 991 444 xil.

1227 483 1491 496 -—-——-

383 609 539 670 Pastorem
560 606 726 686 stringunt;
747 625 849 668 vermo
872 607 947 670 liaeo
968 616 1016 668 est
1036 608 1148 672 tantula
1169 609 1265 684 trube,

384 716 422 779 Ut
442 717 515 779 setis
537 716 633 794 exigui
656 715 692 780 ad
713 723 813 779 restas
835 715 876 778 sit
896 715 983 798 eopia
1003 717 1105 796 penui.

319 848 368 900 120
425 826 511 888 Nune
532 825 559 887 si
580 833 681 888 nostra
704 826 757 890 tibi
779 843 841 888 nou
862 834 910 890 est
930 824 1058 890 obseura
1079 826 1208 906 loquela,

385 935 417 998 Si
438 934 527 998 verha
550 942 690 999 attentam
712 935 765 997 tibi
788 943 858 998 suut
878 934 1011 998 immissa
1031 953 1087 1014 per
1107 955 1218 1008 aurem,

385 1045 427 1118 Si,
450 1063 526 1124 quae
548 1045 626 1106 letus
648 1063 738 1116 eram,
760 1062 894 1117 revocas,
917 1051 1074 1108 contentus
1096 1045 1194 1108 abibis

385 1155 426 1215 Er
447 1161 547 1233 parte3
569 1153 634 1232 ipse
657 1153 769 1217 etenim
790 1171 896 1216 eerues
918 1153 1058 1233 plantam,
1080 1155 1161 1218 uude
1182 1165 1324 1220 serantur

384 1263 480 1336 Remi,
503 1271 533 1324 et
553 1262 755 1342 praecinctum
776 1280 866 1326 renes
888 1263 928 1326 ita
951 1263 1193 1326 concludentem:

319 1385 367 1439 125
384 1373 507 1453 Pr'nqar'a
529 1373 583 1436 uli
603 1375 719 1446 meruit,
742 1376 794 1454 qru'
814 1391 865 1436 res
886 1391 950 1436 aron
972 1383 1072 1453 raptor
1093 1376 1208 1438 iuuare.

879 1631 953 1714 xil.

426 1812 613 1872 Postremum
634 1809 810 1889 simulatque
832 1810 896 1873 suis
917 1809 967 1872 lux
987 1809 1063 1874 mma
1083 1809 1233 1890 loquelam

384 1919 554 2000 Assumpsit
574 1919 666 1982 labris
688 1919 742 1981 lari
765 1918 907 1982 ulteriora
927 1928 1038 1997 parate,

385 2030 461 2093 Orsa
483 2037 582 2091 rotare
603 2029 714 2091 molem
735 2039 782 2092 eat
803 2035 952 2090 sancum:
977 2045 1033 2092 neo
1053 2035 1182 2092 verterat
1202 2037 1271 2092 aute

385 2141 491 2202 'lotum
515 2139 627 2212 orbem,
651 2139 729 2202 hano
748 2137 807 2200 alio
830 2156 918 2218 quam
942 2137 1098 2201 incluserit
1118 2137 1209 2202 ultera
1231 2138 1334 2214 curlo,

351 2250 420 2314 stit
441 2257 553 2310 motum
575 2255 721 2320 mutuet
742 2255 861 2310 uantum
883 2254 972 2311 cautu
993 2248 1060 2327 ipsa
1081 2249 1267 2325 seeundum

385 2361 490 2430 Contu,
514 2359 564 2439 qui
586 2356 679 2420 vineit
698 2365 780 2420 tauto
801 2356 996 2422 Peruasaidas
1018 2357 1085 2420 illes

385 2470 508 2532 Sirenes
530 2476 657 2538 nostrus,
681 2474 792 2546 quanto
813 2467 863 2528 lux
884 2467 979 2546 prima
1001 2466 1116 2548 repulsi

385 2579 583 2660 splendorem
603 2577 689 2640 redii.
732 2576 828 2642 Veluti
849 2595 904 2656 per
925 2575 1026 2640 mollia
1047 2577 1136 2642 uubis

382 2691 486 2768 Aeque
508 2688 652 2750 distantes
674 2703 761 2750 areua
783 2685 958 2766 similesque
979 2686 1112 2752 eolorom

336 2805 368 2858 ιο
383 2799 554 2871 Volvuntur,
578 2813 645 2858 uum
665 2797 742 2859 luno
762 2795 850 2876 jubet
869 2796 1006 2860 mandata
1026 2797 1140 2861 relerre

382 2907 538 2978 Ancillam,
560 2905 703 2980 (exterior
724 2905 865 2984 quoniam
887 2913 1046 2984 generetur
1065 2905 1102 2970 ab
1125 2923 1197 2970 arcu

384 3017 530 3081 interiore
552 3031 649 3089 erous,
673 3022 705 3077 ut
726 3033 803 3094 quae
823 3015 897 3078 lauti
918 3025 1038 3080 assonat
1058 3015 1169 3090 Erebo,

384 3127 479 3202 Quam
502 3124 801 3206 consummemur,
825 3141 881 3188 eeu
901 3125 976 3188 solis
997 3127 1115 3190 llamma
1135 3131 1293 3207 vaporem)

382 3238 421 3300 Et
442 3237 513 3300 elam
533 3235 584 3298 lrie
603 3234 692 3311 vulgo
713 3253 855 3314 praesaga
878 3235 996 3300 volvere
1017 3243 1127 3310 mente,

335 3355 367 3411 15
384 3346 467 3421 Quae
488 3345 640 3426 pepigisse
661 3345 755 3407 Mum
776 3363 844 3406 oum
865 3344 967 3408 Noada
988 3345 1110 3408 loedere
1133 3344 1226 3418 norit,
1287 3359 1292 3366 ·

384 3457 424 3518 Se
445 3474 506 3518 non
526 3455 656 3517 ulturum
678 3454 804 3534 posthae
825 3455 969 3518 reundum
991 3455 1107 3534 agmine
1129 3473 1289 3536 aquarum:

384 3565 436 3629 Sio
457 3565 516 3626 duo
537 3573 617 3626 serta
639 3564 717 3626 rosis
739 3563 868 3626 aeternis
889 3565 966 3628 laeta
987 3565 1100 3628 moveri

383 3675 447 3736 Nos
469 3674 592 3748 cirrum,
614 3673 808 3753 internaeque
829 3674 870 3736 ita
890 3674 1076 3754 respondere
1098 3691 1208 3738 eoroua

383 3785 498 3847 Extima
519 3783 583 3846 visa
604 3783 671 3844 luit
713 3783 875 3863 Postquam
897 3783 1067 3863 explicuere
1089 3783 1230 3848 aliorsum

332 3909 367 3964 eo
382 3893 599 3972 laetitiamque
620 3892 708 3954 aliam
729 3892 879 3970 ingentem
901 3895 973 3964 (tarn
993 3913 1067 3958 rore
1088 3911 1206 3966 eunom.

384 4004 479 4079 Quem
501 4001 568 4064 luee
589 4001 621 4064 iu
642 4002 740 4066 lueem
761 4002 884 4066 alternis
905 4002 1212 4082 submoueretur),

384 4112 497 4177 Gaudia
518 4119 645 4176 testatae
666 4129 703 4174 ae
724 4111 848 4176 blandae
870 4121 958 4193 atque
980 4112 1136 4194 quiesoere
1158 4122 1258 4176 aenae

382 4223 427 4286 Ad
449 4231 567 4303 tempus
589 4221 686 4296 simul,
708 4229 751 4296 ut,
773 4222 876 4302 speeie
899 4240 966 4286 eum
988 4221 1280 4303 sulpureusque,
1310 4291 1315 4301 ¹

382 4332 447 4396 lino
468 4332 531 4396 ietu
551 4331 716 4412 prohibens
736 4333 857 4408 aditum,
879 4351 1078 4414 reseransque
1099 4349 1226 4398 omae
1246 4339 1296 4398 eat
