3136 5164
583 401 717 451 rrarmsr
738 403 764 452 x.
1177 403 1238 470 307

953 497 1283 512 ..ι-..η--ι--υη-ξ-...μ

69 639 73 690 t
176 623 269 686 lleetu
291 621 441 694 cedentes,
465 619 548 684 valde
569 619 762 700 imperfectus
783 619 894 700 ubique

69 764 73 869 q
129 751 160 804 eo
178 731 259 793 Ordo
282 732 360 794 iuret
379 749 500 792 sursum
522 747 558 791 ao
579 729 728 802 deorsum,
752 747 811 810 quo
833 739 939 792 eunom
959 741 1124 796 murentur.

70 876 73 965 q
219 840 265 902 'l'u
286 839 377 902 modu
400 839 474 902 sede
496 847 545 905 tua
566 839 684 910 sedeas,
707 855 741 899 ea
763 847 863 901 mente
884 839 1029 912 volutans,

178 950 261 1024 Quae
282 949 385 1012 leviter
405 948 493 1022 libas,
515 948 542 1012 si
564 947 670 1026 gaudia
691 948 789 1028 plena,
812 947 988 1028 priusquam

176 1058 314 1132 11313133,
336 1077 355 1120 o
377 1057 480 1132 lector,
503 1075 595 1120 amas.
639 1055 707 1118 Tibi
729 1074 832 1120 mensa
854 1066 953 1137 parata
975 1069 1022 1122 est

177 1168 237 1232 Per
257 1187 323 1242 me3
345 1169 393 1230 lae
414 1167 541 1248 dapibus
561 1185 616 1246 per
637 1173 667 1226 te
688 1165 819 1228 vescaris
842 1167 960 1246 opimis.

130 1289 161 1342 25
177 1278 313 1358 Namque
335 1297 371 1340 ea
391 1276 542 1350 materies,
566 1293 654 1356 quam
677 1293 744 1336 sum
765 1275 936 1340 describere
959 1276 1090 1354 adortus,

180 1388 276 1450 Omne
296 1405 397 1450 meum
418 1385 455 1449 ad
477 1405 546 1450 sese
568 1386 720 1464 ingenium
742 1401 903 1465 auramque
925 1396 1085 1470 retorquet.

222 1497 319 1570 Quem
341 1495 400 1558 sibi
421 1496 564 1576 majorem
586 1494 670 1556 norit
689 1501 793 1557 natura
814 1494 992 1572 ministrum,

180 1607 289 1669 Omnia
310 1605 361 1687 qui
385 1606 480 1684 signat
503 1604 578 1667 coeli
599 1604 712 1666 virtute
729 1621 869 1683 superna,

181 1716 307 1778 Lumine
330 1714 442 1796 quique
463 1733 519 1776 suo
540 1713 663 1778 metitur
684 1713 827 1792 temporis
847 1714 948 1788 boras,

132 1831 165 1883 tu
180 1826 237 1900 lili,
261 1843 348 1905 quam
371 1843 462 1904 supra
483 1822 537 1885 tibi
558 1821 647 1903 paulu
669 1823 855 1886 ostendimus
876 1833 956 1899 ante,

181 1935 263 1998 Parti
286 1935 462 2015 conjunctus
485 1952 541 2013 per
561 1929 658 2012 spiras
680 1931 745 2012 ipse
768 1932 893 2005 rotabat

182 2045 216 2106 ln
240 2045 348 2124 quibus
371 2061 467 2124 usque
489 2061 596 2104 nurum
619 2041 708 2104 eitius
730 2041 781 2103 dat
801 2060 925 2104 eernere
946 2061 1054 2116 manea

184 2155 318 2234 Cumque
341 2171 377 2215 eu
399 2170 490 2226 eram,
514 2151 566 2212 aed
589 2163 649 2213 tam
672 2150 754 2212 sensi
776 2169 824 2212 me
846 2151 1038 2225 adscendere,
1061 2173 1150 2234 quam
1173 2155 1223 2235 qui

184 2264 321 2326 Senserit
341 2261 486 2342 illapsam,
510 2280 585 2341 quae
607 2268 706 2322 motus
728 2258 824 2339 prima
847 2261 945 2323 aiendi

135 2377 168 2430 ³5
186 2373 299 2435 Caussa
322 2371 386 2444 tuit
408 2369 511 2432 menti.
555 2370 602 2432 Ob
624 2378 666 2444 tu,
687 2370 728 2431 mi
751 2370 847 2434 divina
868 2371 1014 2434 ernrxl

186 2481 239 2544 1113
262 2489 383 2562 repente
406 2480 481 2544 adeo
504 2479 597 2558 magis
620 2487 650 2540 et
669 2480 764 2557 magis
786 2489 872 2542 aucta
894 2481 1003 2544 decore

185 2593 349 2672 Apparens,
373 2599 514 2670 punctum
537 2597 569 2651 ut
588 2596 756 2669 praevertat
776 2591 921 2670 temporis
941 2599 1017 2654 aeut.

187 2700 335 2775 Quantam
356 2699 492 2765 debuerit
513 2717 569 2778 per
590 2717 622 2760 se
644 2697 812 2761 dillundere
833 2699 940 2772 lucem,

188 2810 272 2883 Quae
294 2810 413 2890 speeies
434 2810 464 2870 in
486 2808 551 2870 sole
571 2809 677 2882 inerat,
700 2825 789 2888 quem
811 2829 938 2890 corpore
960 2811 1042 2885 iniri,

72 2898 76 2980 1
138 2930 171 2982 tu
187 2919 271 2982 llaud
294 2919 432 2981 distinata
455 2918 557 2980 colore
577 2935 643 2991 suu,
668 2915 722 2980 sed
743 2919 865 2982 llumine
885 2922 972 2996 lucis,

72 3002 76 3079 1
186 3029 341 3108 ingenium
363 3029 496 3109 quamvis
517 3036 670 3109 artemque
691 3047 838 3108 usumque
860 3049 1007 3103 vocarem,

72 3098 76 3271 ἶ
186 3139 252 3202 Nou
275 3139 353 3200 bauo
375 3138 569 3218 exprimerem
584 3137 646 3211 sie,
669 3137 767 3199 utris
789 3157 913 3202 eernere
934 3141 1043 3202 meotis

73 3290 76 3355 l
187 3249 271 3310 liano
293 3249 406 3328 possit3
429 3247 482 3310 sed
506 3247 629 3310 credere
651 3245 717 3318 erit,
740 3256 917 3328 maneatque
939 3249 1050 3328 cupido

73 3379 76 3445 j
186 3357 360 3437 Spectandi.
405 3357 520 3431 Quodsi
542 3366 664 3420 nostrae
685 3356 845 3420 simulacra
866 3358 999 3420 videmus

73 3464 76 3527 l
139 3482 171 3536 45
186 3467 293 3528 blentis
316 3467 421 3529 radere
441 3467 574 3540 bornum,
596 3483 654 3530 neo
675 3475 735 3528 tam
758 3485 791 3528 se
813 3467 948 3530 attollere
968 3485 1068 3547 possa,

187 3574 235 3638 Nil
256 3576 374 3638 mirum.
418 3575 504 3638 Haud
528 3575 632 3638 oculus
656 3583 759 3639 noster
780 3576 875 3639 solem
897 3578 983 3639 iverit
1004 3576 1090 3640 ultra.

72 3656 76 3801 1
186 3685 251 3747 illio
274 3684 341 3747 talis
364 3693 428 3748 erat
447 3685 554 3748 domus
577 3683 627 3748 alti
650 3695 754 3766 quarta
777 3688 917 3767 parentis,

73 3818 76 3917 q
188 3795 241 3857 Cui
265 3813 387 3875 semper
408 3802 454 3857 sat
474 3795 501 3856 is
523 3803 570 3858 est
590 3803 805 3876 monstratque,
830 3805 861 3858 ut
882 3797 986 3878 spiret,
1009 3805 1039 3858 et
1059 3796 1112 3858 uni

73 3926 76 4011 q
187 3906 233 3968 Sit
254 3905 371 3983 genitor
392 3904 503 3982 genito.
545 3903 591 3966 Ne
611 3923 701 3968 eessa
719 3906 834 3968 solvero
856 3907 920 3968 Soli

139 4033 172 4086 5⁰
188 4014 322 4093 Agrninis
344 4014 471 4094 angelici
493 4022 600 4093 grates,
623 4023 670 4076 est
692 4014 749 4077 lata
771 4015 911 4088 Beararx,

73 4020 77 4203 1
189 4124 247 4198 Qui
268 4123 322 4186 tibi
345 4124 512 4204 gratilioans
533 4123 627 4186 voluit
647 4133 676 4186 te
697 4123 833 4188 attollere
854 4125 891 4187 ad
914 4127 1005 4188 istrrm

73 4218 77 4379 1
187 4233 333 4296 Sensibus
355 4233 493 4296 humanis
515 4243 624 4314 aptum.
666 4234 753 4296 liaud
773 4236 886 4314 pietate
908 4234 1054 4314 protunda

74 4496 77 4527 l

74 4384 76 4405 .
189 4343 355 4423 Quisquam
376 4345 546 4424 composuit
566 4351 670 4423 peetus
692 4345 826 4418 mortale,
848 4345 973 4424 lieuque

1085 4443 1143 4494 20*

313 4545 439 4553 n—-n--o--u
443 4546 560 4554 -.—-.-...„
565 4547 576 4553 -
580 4547 588 4553 .
592 4541 848 4554 ——u———o-a--n
852 4542 915 4553 .—
924 4541 1173 4550 -t———-——-—--.
