3136 5164
249 436 855 504 l-...ffl..-...‚..„.„.„
885 485 963 492 ....

250 337 613 454 Vas*
728 334 1486 482 porarnffi—-t

373 611 414 672 lle
436 619 475 684 te,
499 607 626 671 dicebat.
670 609 721 682 lla,
745 623 868 688 quaeso,
890 608 1016 682 discere,
1039 627 1116 688 quae
1137 607 1199 672 sint
1320 649 1326 662 ·

372 721 442 782 lllae
465 720 579 782 animae
602 719 746 798 geminae,
771 719 955 798 comitesque
977 719 1130 798 ducesque
1150 719 1284 782 riarum:

321 839 355 892 δῦ
372 829 416 891 lle
438 838 546 891 taceas.
590 827 653 890 Tua
676 829 717 889 mi
739 828 832 890 lacios
853 834 1041 908 expresserat
1061 826 1143 902 olim,

372 937 484 1001 Pallida
506 945 601 1000 morte
623 946 681 1008 tua,
705 937 853 1009 lacrimas,
876 937 966 999 modo
989 937 1113 1000 sundere
1135 939 1223 1000 lletus

371 1048 438 1110 Non
459 1047 559 1110 minus
581 1046 731 1122 hortatum
754 1047 799 1107 sic
821 1054 850 1107 te
871 1046 923 1108 dat
944 1053 1020 1107 torta
1042 1045 1212 1110 ridendum.

372 1157 470 1231 Quare
492 1175 548 1238 por
568 1156 702 1236 Superos
725 1174 788 1226 oro,
812 1155 882 1235 quid
905 1155 1035 1218 dissecet
1058 1163 1139 1218 artus

371 1267 423 1329 Sic
444 1265 508 1340 tihi,
534 1277 564 1327 lu
586 1285 688 1341 narra3
711 1263 836 1328 ulterius
858 1283 956 1344 neque
978 1279 1052 1340 coge
1074 1266 1188 1344 prolari

319 1388 353 1442 55
372 1373 543 1448 Altooitum,
566 1393 634 1436 nam
656 1391 704 1436 me
727 1374 803 1436 male
824 1374 1009 1453 respondere
1031 1382 1167 1453 paratum

370 1486 511 1548 Ellicinot
532 1484 606 1548 aliae
628 1501 727 1557 curae,
751 1501 825 1562 quae
848 1483 939 1544 corde
960 1483 1138 1546 redundant

412 1596 502 1675 lsque
523 1593 611 1656 milri:
634 1594 760 1656 deterna
782 1594 876 1656 virtus
897 1600 1052 1654 exurente
1073 1593 1191 1656 cadenti

371 1706 411 1766 Se
432 1703 563 1767 insinuat
584 1703 722 1782 lymphae
743 1711 773 1764 et
793 1702 912 1782 plantae
934 1711 1004 1782 post
1024 1711 1106 1779 terga
1128 1703 1257 1778 relictae,

370 1814 430 1875 Per
451 1831 538 1892 quam
560 1813 605 1882 sic
628 1821 742 1875 tenuor.
787 1813 884 1886 Quam
905 1811 1014 1886 cernis,
1038 1820 1098 1874 tota
1121 1821 1247 1886 caterva,

321 1939 354 1991 ao
372 1923 455 1997 Quae
478 1923 556 1984 canit
578 1921 765 1996 illacrimans,
788 1923 929 2002 quoniam
952 1921 1018 1984 sine
1039 1939 1123 1983 more
1144 1923 1245 1986 voraci

371 2031 528 2112 lodulgere
549 2031 635 2110 gulae
659 2031 771 2094 studuit
791 2039 895 2094 renata
918 2049 1052 2111 sapores,

371 2141 441 2204 Usta
464 2142 542 2203 lame
564 2150 653 2221 alque
675 2141 725 2203 siti
747 2142 797 2204 his
819 2142 925 2204 iterum
948 2141 981 2202 dt
1001 2147 1136 2220 tempore
1158 2150 1270 2204 sancta

371 2251 472 2313 llolcis
494 2251 570 2312 odor
591 2252 681 2331 pomi.
705 2251 793 2313 simul
815 2260 844 2312 et
864 2249 993 2312 labentis
1016 2250 1104 2329 aquai

371 2361 529 2442 Splendor,
552 2361 603 2440 qui
625 2371 705 2422 rorat
725 2360 836 2422 virides
858 2359 1036 2440 adspergine
1057 2358 1188 2434 lrondes,

320 2479 354 2533 to
371 2469 497 2532 Potandi
520 2470 657 2532 ardorem
680 2469 852 2549 rabiemque
874 2469 1007 2532 incendit
1026 2467 1145 2532 edendi.

370 2579 433 2641 Nec
455 2587 567 2641 tantum
590 2579 683 2640 semel
705 2597 828 2641 emenso
850 2587 1009 2640 renovatur
1029 2579 1060 2639 in
1083 2578 1157 2642 orbe

370 2689 491 2765 Poena3
513 2707 568 2767 ego
591 2687 725 2751 dicebam
747 2705 884 2767 poenam,
908 2695 938 2749 at
959 2688 1036 2750 loret
1057 2688 1114 2750 ista
1135 2689 1267 2754 vocanda

371 2798 509 2862 Solamen
532 2797 636 2872 nobis3
658 2815 727 2858 nam
749 2815 804 2858 nos
827 2797 917 2859 trahit
937 2798 994 2860 ista
1016 2796 1124 2877 cupido

370 2908 415 2970 ad
436 2908 558 2988 lignum,
581 2925 640 2987 quo
662 2905 769 2968 ductus
791 2917 863 2979 erat,
885 2907 937 2986 qui
959 2907 1072 2970 diceret
1091 2907 1145 2971 Eli

320 3031 355 3084 70
370 3017 458 3080 Vultu
480 3017 578 3090 alacri,
602 3016 748 3090 Christus,
771 3033 838 3078 curn
861 3017 986 3098 prodiga
1008 3035 1083 3080 rena
1104 3019 1221 3081 cruoris

369 3125 517 3190 Persolvir
538 3125 665 3206 prelium
688 3132 777 3205 atque
798 3125 953 3186 hominum
975 3143 1068 3204 genus
1090 3145 1178 3192 omne
1200 3129 1339 3191 redemit.

413 3237 489 3298 lluic
510 3253 565 3315 ego
587 3245 648 3298 lum
670 3235 745 3297 dixi:
769 3235 836 3308 Quo
859 3253 895 3296 ex
916 3243 1050 3314 tempore
1072 3237 1300 3312 vitaremus,

369 3347 404 3410 ln
426 3346 531 3409 melius
554 3363 698 3408 conversa
721 3353 845 3418 tuaest,
868 3344 1070 3424 mundumque
1091 3346 1221 3428 reliqnil,

370 3455 502 3534 ‘l'empus
524 3455 561 3517 ad
585 3451 679 3534 usque'
701 3454 779 3517 istud
801 3455 934 3517 nondum
956 3454 1002 3516 sol
1023 3456 1156 3536 quinque
1177 3456 1296 3520 redusit

319 3573 352 3627 75
370 3563 482 3626 Annos.
527 3564 563 3625 at
585 3563 637 3625 tibi
660 3565 686 3626 si
707 3564 851 3642 peccandi
874 3563 959 3644 copia
981 3565 1071 3626 linem

370 3675 446 3734 dote
468 3673 578 3746 habuit,
603 3673 691 3734 fausti
713 3691 800 3752 quam
822 3673 983 3735 accesserit
1003 3673 1078 3736 hora
1099 3673 1223 3748 doloris,

370 3782 445 3855 Quis
468 3782 518 3843 dat
538 3799 628 3861 posse
651 3780 745 3844 lleum
766 3781 925 3862 complecti
946 3801 1050 3846 rursus
1072 3783 1224 3848 amicum?

371 3893 528 3964 Quomodo
550 3897 610 3952 tam
633 3891 731 3952 subito
754 3892 875 3970 potuisti
898 3892 1082 3954 adscendere
1104 3893 1141 3956 ad
1160 3895 1249 3958 istum

371 3999 504 4062 orbem?
526 3999 599 4062 Nam
620 3999 708 4062 rebar
728 4000 822 4064 multo
845 4001 987 4064 inferiora
1008 4009 1159 4066 tenemem

239 4161 242 4166 r
318 4123 353 4179 aa
369 4109 416 4172 lle
438 4119 466 4172 te
489 4111 682 4184 offensumm,
706 4117 791 4190 atque
813 4109 865 4174 uhi
885 4118 1021 4192 ternpore
1044 4120 1178 4192 tempora
1195 4121 1336 4194 pensant.

368 4219 457 4300 lsqoe
479 4219 567 4282 milri:
590 4218 664 4282 'lam
684 4237 753 4282 mor
774 4219 928 4300 absynthia
949 4218 1047 4284 dulcia
1068 4238 1183 4302 poenae

369 4329 506 4391 Potatnm
527 4329 649 4392 adduxit
668 4327 798 4392 lacrimis
818 4347 885 4392 mea
906 4329 1009 4394 Nenos
1028 4332 1164 4412 profusis

867 4496 1490 4544 ..-—.-.—...-..—l
