3124 5170
315 453 355 516 50
748 452 939 504 tutundontttt
958 452 1018 503 lilll.

381 673 419 734 Et
439 673 509 735 sitia
532 671 679 744 aulamm,
702 670 830 732 dammis
852 669 1025 732 ardentibus
1048 687 1152 734 ornnes

331 793 364 848 65
381 783 526 846 Accendit
544 790 660 844 mentes
682 781 712 842 in
735 799 800 852 me,
824 781 909 858 queis
930 789 1052 859 pectora
1074 781 1203 842 llammis

383 895 506 958 Incensa
530 895 693 970 Augustum
715 891 760 952 sic
781 890 956 961 incendere,
979 889 1084 951 beatos
1191 867 1196 882 ⁵

383 1004 420 1066 Ut
441 1001 514 1064 mibi
538 1019 698 1064 conversos
720 1000 751 1061 in
773 1000 870 1061 tristia
893 1007 1027 1079 tempora
1049 999 1180 1062 bonores

381 1113 507 1177 Flerem.
549 1110 732 1189 Animusque
755 1110 858 1170 avidus
880 1127 1019 1172 vesanam
1042 1109 1182 1172 ulciscier
1203 1111 1287 1184 iram,

382 1224 477 1302 Atque
500 1221 579 1282 bunc
600 1239 690 1298 posse
712 1230 795 1280 ratus
817 1229 1005 1299 praevertere
1027 1229 1123 1281 morte
1146 1221 1285 1295 lurorem,

332 1338 365 1390 '1⁰
384 1333 492 1394 Contra
514 1349 562 1392 me
580 1329 694 1409 justum
717 1347 764 1390 me
786 1329 897 1410 injuste
919 1345 1041 1406 surgere
1059 1329 1161 1409 iussit.

383 1442 441 1504 Per
461 1439 534 1518 ligni
556 1439 642 1501 istius
665 1439 781 1500 radices
800 1439 870 1518 juro
893 1437 1033 1512 novellas,

382 1552 429 1612 lle
451 1568 601 1628 nunquam
622 1548 751 1610 violasse
773 1549 862 1610 iidem
884 1548 1037 1627 praeclara
1059 1549 1184 1612 merenti

383 1659 518 1722 Praemia
540 1667 586 1720 tot
606 1656 725 1719 laudum
748 1658 880 1720 domino.
923 1659 1018 1739 btque
1042 1659 1167 1722 evadere
1189 1659 1226 1721 ad
1248 1675 1338 1722 auras

385 1771 417 1832 Si
441 1771 487 1832 cui
512 1769 556 1830 las
579 1777 708 1830 temtum
731 1777 778 1830 est
798 1786 938 1848 superas,
961 1768 1012 1830 det
1033 1786 1154 1847 surgere
1175 1786 1294 1839 nomen,

336 1881 368 1932 75
384 1889 478 1960 Atque
500 1895 597 1941 meam
620 1878 728 1940 lamam
751 1897 870 1957 quoquc
892 1895 970 1939 nunc
991 1878 1132 1958 postilla
1151 1879 1302 1959 jacentem

385 1991 525 2062 Vulnera,
550 2007 626 2068 quae
649 1987 757 2049 inllixit
776 1987 892 2049 meritis
916 1987 1000 2048 turba
1022 1987 1121 2050 invida
1143 1989 1265 2050 nostris.

428 2098 594 2179 Paullisper
614 2097 698 2160 stetit
719 2095 889 2170 atteddens,
913 2097 1020 2160 deinde
1043 2116 1094 2160 ora
1117 2097 1239 2160 resolvit

386 2211 437 2274 Sic
458 2212 578 2272 doctor:
602 2208 750 2282 Quoniam
772 2209 915 2281 tacetis,
937 2224 975 2270 ne
997 2207 1092 2270 labier
1112 2208 1215 2270 boram

386 2320 539 2386 Incassum
563 2319 644 2392 sine,
668 2319 722 2380 sod
744 2317 866 2398 loquere
889 2326 934 2390 et,
957 2334 1033 2397 qnae
1055 2316 1134 2380 scire
1156 2316 1283 2390 laboras,

335 2439 370 2491 8⁰
386 2430 455 2511 lpse
477 2448 559 2509 roga.
603 2428 663 2491 Sed
685 2445 740 2505 ego
763 2428 841 2488 bunc
863 2437 966 2488 contra
988 2445 1053 2487 sum
1078 2426 1185 2490 talibus
1208 2445 1313 2490 orsus:

388 2541 432 2602 Tu
456 2557 573 2618 quoque
596 2539 643 2600 lac
664 2537 791 2616 rogites,
816 2536 841 2598 si
865 2536 935 2616 quid
958 2535 1029 2597 mibi
1053 2554 1144 2617 posse
1166 2537 1285 2617 putabis

388 2651 440 2712 Sat
462 2650 575 2722 lacere3
599 2648 664 2728 ipse
686 2647 795 2709 etenim
819 2646 983 2726 impedior,
1006 2646 1051 2708 sic
1073 2645 1217 2726 opprimit
1237 2665 1331 2726 angor

389 2759 448 2821 Cor
468 2757 625 2820 miserans.
669 2756 778 2819 lterum
796 2745 852 2818 ¹bic
873 2755 988 2835 coepit:
1013 2755 1064 2818 Sic
1085 2755 1142 2818 iste
1166 2766 1304 2838 capessat

388 2869 533 2946 lngenue,
558 2885 633 2946 quae
655 2865 743 2928 verba
767 2875 853 2927 orant
874 2874 938 2939 tua,
963 2883 1083 2929 carcere
1105 2866 1136 2930 in
1159 2877 1241 2930 arcto

338 2977 414 3040 850
438 2978 533 3039 anima
558 2976 687 3050 inclusa,
711 2975 790 3037 baud
812 2975 965 3056 quaerenti
988 2975 1106 3038 taedeat
1126 2995 1217 3040 unum

389 3089 453 3150 lloc
474 3087 586 3168 pariter
606 3095 772 3149 monstrare
794 3085 881 3159 mibi,
906 3085 956 3165 qni
978 3087 1043 3159 liat,
1066 3087 1185 3149 mistis

388 3198 492 3262 Vincta
513 3197 610 3260 anima
634 3197 663 3258 in
686 3197 774 3260 nodis
796 3196 924 3270 habitet,
946 3196 1007 3268 ael,
1030 3197 1056 3256 si
1079 3215 1135 3276 qua
1159 3197 1283 3272 facultas

388 3309 442 3370 Est
463 3308 532 3380 tibi,
556 3308 604 3370 dic
626 3307 714 3380 mibi,
737 3325 808 3370 num
831 3325 867 3368 ex
887 3305 1030 3368 membris
1052 3325 1120 3370 sese
1141 3307 1199 3370 ulla
1221 3308 1353 3370 resolvat

389 3417 527 3480 Talibus:
549 3418 664 3480 Interea
687 3433 795 3495 magno
818 3415 974 3477 conamine
995 3424 1118 3478 tmncus

339 3537 373 3588 ab
389 3528 547 3609 Exspirare
569 3527 697 3589 animam
719 3525 798 3588 venti
821 3544 854 3588 se
876 3533 990 3587 vertere
1012 3526 1041 3587 in
1064 3525 1138 3588 istas

389 3638 500 3700 Voces:
523 3637 604 3700 llaec
624 3636 756 3698 breviter
775 3635 860 3696 vobis
882 3653 1026 3715 responsa
1049 3635 1206 3702 dabuntur.

391 3748 428 3810 Ut
449 3747 577 3828 primum
599 3745 741 3808 membris
764 3747 880 3806 animae
903 3747 994 3808 edera
1015 3746 1073 3808 uita
1096 3746 1210 3809 recedit

392 3857 548 3936 Corporis,
570 3857 649 3918 unde
671 3855 735 3918 snis
757 3875 790 3917 se
812 3854 918 3918 avulsit
938 3855 1051 3918 viribus
1073 3873 1137 3929 usa,

391 3966 524 4028 Tartarei
548 3967 624 4028 banc
645 3965 777 4028 barathri
799 3965 896 4027 Minos
918 3965 948 4026 in
971 3965 1098 4046 septima
1120 3975 1203 4046 septa

340 4081 374 4134 to
391 4073 494 4146 llittit,
518 4085 547 4137 et
568 4075 641 4138 baec
663 4075 743 4137 cadit
764 4076 793 4137 in
817 4075 937 4149 silvam,
960 4091 1016 4138 nec
1038 4085 1118 4138 certa
1139 4087 1241 4157 parata
1264 4087 1311 4140 est

392 4186 502 4258 Sedes;
525 4193 554 4248 et
575 4203 762 4266 quocumque
785 4185 865 4248 illam
888 4203 954 4247 sors
975 4185 1112 4268 pmjicit,
1136 4185 1200 4248 illio

392 4297 565 4369 Permanet,
587 4307 678 4375 utque
701 4313 770 4356 aeae
792 4313 914 4373 ganum
936 4311 990 4358 sna
1012 4295 1146 4375 germino
1167 4295 1269 4358 trudit

392 4406 505 4469 Deinde
527 4405 557 4468 in
578 4403 735 4484 virgultum
757 4405 947 4485 plantamque
968 4406 1099 4485 assurgit
1119 4415 1276 4485 agrestem.

274 4568 766 4615 ἱ--..-.-.--.-.
1201 4568 1494 4614 ..—...-J
