3116 5162
593 423 767 478 emcrtrto.

207 612 278 692 lpse
296 616 398 674 morat
416 607 567 672 desiderio
588 609 760 673 flammante
779 617 811 672 et
830 627 941 672 amore.
1076 635 1079 650 ·

206 704 269 776 lle'c
289 709 389 774 solum
408 710 508 774 lecara
527 709 628 786 fidem,
649 711 783 792 subjecta
804 710 886 774 fideli

208 813 291 886 Quae
311 811 386 874 mibi
406 819 476 874 sunt
497 809 594 887 oculo,
615 811 661 875 vel
684 831 760 892 quae
781 819 912 876 scrutata
932 811 1112 894 protundum

207 914 292 975 biens
312 913 440 974 bumana
462 911 561 982 refert
584 912 637 975 sed
658 913 721 976 veri
741 913 859 976 lucidus
876 913 985 988 imber,

210 1013 268 1087 Qui
289 1012 364 1094 pluit
384 1013 455 1076 binc
475 1012 568 1093 large,
589 1013 672 1076 Mose
694 1013 835 1077 lundeute
855 1013 1075 1096 Prophetisque

207 1113 246 1176 lit
265 1113 403 1188 Psalmis,
425 1113 585 1194 Evangelio
608 1114 753 1195 turbaque
774 1115 918 1195 probante

207 1215 381 1277 vestrorum
401 1215 557 1291 (nam'vos
578 1215 662 1279 illum
683 1215 848 1297 scripsistis
870 1215 908 1278 ob
930 1215 1039 1297 ignem,

210 1315 269 1390 Qui
290 1336 344 1380 vos
363 1316 491 1380 insemit
510 1317 612 1399 Ditis),
636 1326 795 1398 conosque,
814 1317 899 1380 lateri

208 1416 282 1480 Sum
303 1428 366 1480 tres
386 1437 532 1499 personas
553 1427 699 1494 aeternas,
721 1437 849 1499 esseque
870 1437 974 1482 eornm

208 1517 261 1581 Sic
281 1537 374 1581 unum
393 1521 573 1602 trinumque,
595 1528 628 1584 ut
648 1528 678 1584 et
699 1540 729 1584 es
750 1521 888 1602 patiatur,
911 1529 941 1584 et
962 1523 1034 1584 estis

206 1619 406 1702 Gonjunctim.

162 1719 267 1814 Talis,
302 1722 432 1820 qualem
457 1723 511 1797 bis
548 1722 705 1822 exemplis
741 1723 894 1796 audimus
931 1731 965 1795 et
990 1720 1234 1816 cognoscimus,
1261 1719 1296 1792 in

79 1849 153 1911 taum
175 1851 273 1938 pocta
300 1851 353 1912 est
372 1839 523 1914 Piazza
549 1839 713 1940 interpres
730 1841 879 1918 Latinus.
913 1839 1024 1914 Nihilo
1042 1851 1151 1928 tamen
1172 1838 1295 1931 minuS,

80 1957 124 2052 qui
140 1967 188 2030 est
212 1956 385 2032 bominum
409 1960 615 2058 vituperandi
642 1961 802 2058 pruritus,
829 1968 938 2052 erunt,
964 1959 1020 2058 qui
1046 1981 1124 2045 eum
1150 1956 1206 2031 bic
1230 1957 1297 2032 illic

79 2075 129 2148 sibi
152 2079 259 2150 minus
285 2078 488 2150 satisfecisse
514 2079 738 2172 conclament,
771 2079 828 2177 qui
853 2078 918 2162 boc
943 2077 1038 2150 illave
1063 2099 1160 2148 versu
1186 2076 1297 2148 minus

79 2215 237 2268 numerose
271 2205 410 2270 sonante
449 2197 625 2294 minusque
667 2207 743 2293 apte
783 2197 921 2269 cadente
965 2181 1194 2285 offendantur,
1240 2190 1297 2289 qui

79 2309 148 2384 banc
170 2313 298 2385 illamve
321 2313 498 2388 verborum
524 2315 804 2390 constructionem
829 2311 928 2384 nimis
960 2310 1160 2402 obsoletam,
1194 2309 1298 2382 inusi-

79 2439 179 2525 tatam,
203 2431 399 2534 placitisque
425 2433 714 2529 grammaticorum
741 2432 850 2506 minus
877 2427 1125 2530 convenientem
1152 2428 1188 2500 in
1209 2427 1298 2524 judi·

79 2547 151 2621 cium
174 2561 293 2623 vocent
318 2560 352 2623 et
376 2552 550 2645 damnent,
577 2553 633 2650 qui
661 2551 742 2624 adeo
769 2547 893 2650 aliquid
917 2545 1215 2642 barbarismorum,
1241 2545 1298 2650 qui

79 2665 225 2762 dicuntur,
252 2693 369 2767 sapere
386 2670 525 2766 singula
551 2679 732 2743 autument.
760 2667 820 2742 'lli
846 2669 874 2742 si
899 2668 985 2742 bena
1007 2664 1302 2764 circumspexerint

82 2795 107 2856 et
136 2787 302 2885 paulisper
341 2787 647 2884 consideraverint,
689 2788 790 2884 longe
829 2777 1060 2860 difficillimum
1093 2809 1167 2858 esse
1199 2794 1232 2856 et
1264 2785 1299 2856 in

81 2903 170 2978 verbis
196 2915 231 2978 et
255 2907 291 2978 in
306 2905 493 3000 sententiis,
519 2916 809 3006 quantumcunque
825 2904 898 2978 lieri
915 2914 1036 3002 potest,
1052 2913 1167 3000 poetae
1184 2925 1300 2974 recen-

82 3019 157 3095 tiaris
182 3023 252 3096 aevi
279 3023 314 3096 in
347 3025 505 3128 linguam¹
524 3025 676 3098 Latinam
707 3023 937 3097 transferendo
969 3030 1100 3095 servare
1135 3020 1234 3092 iidem
1268 3028 1301 3092 et

82 3141 178 3214 eadem
203 3166 305 3240 opera
330 3144 501 3216 emendate
529 3144 761 3242 eleganterque
784 3143 893 3240 loqui;
919 3141 1032 3236 iidem,
1058 3139 1245 3237 inquimus,
1271 3137 1299 3210 si

81 3260 299 3356 perpenderint
336 3271 370 3334 et
401 3286 514 3336 secum
549 3261 792 3359 reputaverint,
833 3261 923 3358 ipsos
963 3258 1051 3331 viros
1092 3256 1300 3330 doctissimos

81 3375 260 3478 linguaeque
286 3379 423 3452 Latinae
449 3381 688 3478 peritissimos,
722 3382 757 3454 in
788 3378 970 3480 pangendis
996 3375 1205 3476 potissimum
1231 3398 1301 3448 car·

81 3485 500 3598 minibus,lere'nun'quam
527 3500 606 3573 satis
633 3509 721 3573 tutes
748 3523 833 3591 esse,
861 3497 940 3595 quin
967 3495 1046 3594 quid
1062 3495 1096 3566 in
1114 3479 1301 3568 sermonem

81 3637 184 3708 pumm
209 3627 308 3715 atque
334 3618 544 3692 emendatum
568 3627 719 3717 peccent,
746 3615 841 3714 eique
868 3615 1077 3713 inopinantes
1094 3613 1191 3686 alieni
1208 3613 1301 3710 quid·

80 3731 141 3804 dam
164 3746 197 3807 et
221 3735 371 3832 ipsomm
395 3736 528 3832 linguae
552 3737 677 3834 patriae
702 3736 828 3832 proprii
854 3734 1079 3824 immisceant,
1105 3754 1173 3805 non
1195 3730 1302 3804 solum

83 3849 269 3948 aliquantum
306 3853 347 3925 de
373 3855 546 3927 severitate
580 3853 872 3928 animadversionis
908 3876 986 3926 suae
1019 3849 1205 3942 remittent,
1243 3847 1302 3922 sed

82 3969 164 4044 etiam
181 3971 378 4067 intelligent,
387 3972 533 4046 Prnzzau
554 3973 699 4070 perbene
714 3972 917 4071 probavisse,
936 3971 1047 4044 adres
1063 3967 1302 4042 diversissimas

82 4087 189 4161 traduci
215 4115 315 4188 posse
339 4091 472 4187 linguae
486 4091 623 4164 Latinae
649 4091 840 4188 ingenium3
868 4089 959 4189 quid,
985 4086 1074 4187 quod
1094 4083 1302 4160 admirabun-

82 4211 136 4298 tur,
159 4207 384 4284 Prolessorem
409 4209 619 4285 Vicentinum
645 4210 679 4283 in
706 4210 757 4284 via
782 4211 884 4284 ardua
909 4219 943 4282 et
968 4207 1064 4304 plena
1080 4202 1302 4303 periculorum

82 4331 138 4396 um
166 4325 248 4400 bene
283 4328 435 4422 stetisse,
471 4331 571 4403 tantis
599 4326 845 4404 difficultatibus
878 4325 1073 4424 impeditum
1105 4345 1176 4398 rem
1208 4343 1302 4392 suam

83 4449 138 4514 arn
165 4444 292 4520 fortiter
312 4447 457 4542 gessisse
481 4459 515 4522 et
536 4449 712 4544 gloriosam
733 4445 896 4546 quandam
917 4443 1088 4518 victoriam
1103 4449 1301 4540 reportasse.
