3136 5164
78 954 81 1033 i

78 1040 81 1119 i

77 1156 80 1219 i

77 1230 79 1301 i

76 1304 79 1477 i

75 1504 79 1647 t

598 403 778 454 mmmm
1192 405 1253 468 Q?

141 637 170 688 lo
186 625 221 686 ld
243 623 320 687 nihii
342 631 397 696 est,
420 641 509 702 quam
531 621 619 702 hujus
640 621 769 702 signum,
791 621 869 686 mala
890 623 1029 702 cognitus
1049 623 1139 688 iader

186 735 245 796 Hic
265 731 460 818 interiacens.
503 731 593 794 Modo
615 738 645 792 te
667 732 726 794 tert
745 732 825 794 scire
847 732 967 812 cupido,

185 847 241 918 dn,
265 842 317 924 qui
338 853 406 905 rota
428 842 528 904 minus
549 840 736 921 persolverit,
758 841 825 921 ipse
846 842 985 922 repensis

186 953 359 1016 Muneribus
381 951 449 1014 aliis
471 950 654 1014 tantumdem
676 949 802 1014 reddere
823 952 932 1032 possit,

188 1063 277 1125 Omni
300 1081 316 1124 a
339 1062 393 1124 lite
415 1060 546 1124 animam
566 1068 599 1123 ut
621 1067 740 1122 tutetur.
762 1093 803 1106 -
826 1061 910 1124 Tutia
932 1060 1006 1124 dixit

141 1179 171 1232 15
188 1173 281 1253 Huius
303 1171 486 1252 principium
507 1179 613 1232 cantus
634 1170 743 1232 initura
760 1169 912 1244 -Beararxa

187 1286 293 1363 Atque,
317 1290 350 1342 ut
371 1279 421 1360 qai
445 1287 585 1360 coeptum
605 1257 685 1342 liaud
707 1298 878 1345 sermonem
899 1280 1065 1354 obtruncat,
1088 1282 1128 1346 ita
1152 1283 1202 1345 itia

187 1391 379 1472 Propositum
402 1388 500 1452 tonuit
521 1400 667 1452 sanctum.
712 1390 796 1463 Quae
817 1389 945 1452 maxima
967 1392 1023 1453 dos
1047 1400 1102 1466 est,

186 1501 314 1579 Largius
335 1499 507 1577 indulgente
528 1499 600 1573 Deo,
624 1499 675 1579 qui
697 1509 803 1562 concta
825 1499 946 1574 crearit,

187 1610 318 1682 inventa,
341 1619 409 1690 apta
431 1608 527 1686 magis
547 1608 712 1671 bonitatam
735 1608 894 1672 ostendere
915 1611 1020 1689 patris,

75 1670 78 1827 Α
137 1725 171 1777 ao
188 1722 343 1800 Quamque
365 1719 392 1782 is
413 1717 535 1800 plurimi
556 1717 655 1790 habet,
679 1717 736 1782 ruit
756 1719 832 1782 hacc
853 1718 899 1782 vis
920 1719 1014 1783 libera
1035 1723 1126 1782 vestri

75 1864 78 1925 ι

75 1941 78 2027 i

186 4355 274 4428 Quod
297 4353 343 4418 sic
364 4353 501 4435 praecise
523 4371 612 4435 supra
634 4371 701 4416 mea
722 4353 825 4433 lingua
845 4351 996 4416 monebat

76 4522 106 4558 Ι-
121 4555 132 4562 .

185 1829 309 1894 Arbitrii
331 1830 362 1892 in
384 1829 482 1901 terris,
506 1847 564 1909 qua
586 1836 692 1890 cuncta
715 1836 745 1890 et
766 1828 830 1892 sola
852 1835 961 1902 creata,

188 1940 283 2014 Queis
305 1941 405 2002 lumea
427 1938 553 2001 rationis
575 1938 665 2012 inest,
687 1938 779 2000 ditata
801 1939 928 2013 inerunt,

186 2051 225 2112 Et
246 2058 325 2112 sunt.
368 2049 463 2123 Nunc,
485 2048 512 2110 si
533 2046 689 2128 conjicias,
710 2046 772 2110 voti
794 2045 853 2110 alta
875 2048 991 2129 patebit

186 2159 296 2234 Virtus,
318 2160 346 2222 si
369 2159 436 2239 qais
458 2161 491 2222 fit
511 2175 591 2230 reus,
615 2173 650 2218 ac
671 2157 751 2220 Deos
773 2165 882 2220 annuat
904 2157 964 2239 ipsi

138 2271 170 2324 ²⁵
187 2271 270 2333 Ultro
293 2269 470 2350 paciscenti.
512 2267 588 2330 Nam
609 2266 688 2328 inter
708 2266 921 2347 hominemque
943 2267 1095 2349 Deumque

185 2381 278 2443 Facta
299 2379 375 2442 tides
396 2377 448 2442 ubi
470 2377 520 2450 sit,
541 2375 674 2440 thesauri
695 2375 815 2439 victima
837 2377 922 2450 tanti,

187 2489 284 2562 Quem
306 2489 386 2562 dico,
408 2487 515 2560 eradit,
538 2486 724 2566 proprioque
746 2485 944 2566 obstringitur
965 2495 1043 2550 acto.

187 2598 267 2672 Quid
290 2598 364 2660 tanti
386 2605 442 2672 est,
464 2615 586 2678 quaeso,
608 2596 708 2676 pretii,
731 2615 791 2676 quo
813 2604 846 2660 tu
868 2597 926 2660 ista
946 2594 1122 2678 rependas?

185 2709 259 2770 Nam
282 2707 338 2770 tibi
359 2707 388 2770 si
410 2707 519 2770 oblatis
541 2706 585 2768 uti
606 2705 684 2770 bene
705 2724 796 2786 possa
816 2705 938 2779 rideris,

138 2833 171 2886 so
185 2819 229 2881 En
251 2817 478 2881 mate-somatis
500 2816 592 2895 igitur
611 2815 657 2878 ais
679 2835 817 2880 crescere
837 2815 927 2880 baiis.

227 2928 294 2993 Jam
317 2927 397 3009 quod
417 2927 485 3007 ptos
506 2928 609 3000 refert,
630 2925 792 2990 manifesto
814 2925 845 2988 in
866 2925 979 2988 lumine
1002 2927 1122 3000 cemis;

187 3039 247 3102 Sed
270 3037 338 3118 quia
361 3038 413 3100 dat
432 3036 549 3100 reniam
570 3035 730 3116 indulgens
751 3035 879 3099 eudocia
902 3045 1015 3109 sauma

188 3148 275 3222 Quod
297 3145 418 3227 penitus
439 3155 544 3210 contra
565 3193 573 3220 ,
597 3164 674 3228 qnae
695 3145 767 3220 diri,
789 3164 859 3208 vera
879 3145 1006 3218 videtur,

186 3257 273 3320 Nunc
293 3266 323 3320 te
344 3255 465 3337 paulum
487 3237 577 3318 etiam
599 3255 636 3318 ad
657 3273 791 3318 mensam
813 3255 981 3320 consistere
1003 3263 1138 3336 oportet3

140 3377 171 3432 ³5
186 3367 322 3448 Namque
344 3367 444 3428 cibum
465 3365 604 3444 rigidum,
627 3365 745 3446 qualem
769 3373 798 3427 ta
819 3383 938 3430 sumere
955 3365 1043 3445 jussi,

186 3478 224 3540 Ut
244 3476 322 3539 bene
344 3475 517 3549 distribuas,
538 3475 669 3555 aliquam
692 3473 751 3538 tihi
767 3493 894 3555 poscere
915 3475 1009 3538 debes

186 3587 301 3650 Rursus
323 3605 422 3668 opem.
465 3585 535 3648 'fibi
556 3584 715 3648 consilium
737 3602 817 3647 nunc
838 3584 962 3666 pandito
982 3584 1103 3658 mentis,

186 3697 224 3759 Et
243 3715 310 3760 mea
332 3697 411 3759 diota
433 3708 521 3770 tenc3
542 3714 612 3758 nam
634 3693 705 3776 quid
727 3694 781 3758 tibi
803 3694 920 3758 discere
941 3693 1074 3774 prodest,

187 3807 281 3888 Copia
303 3806 354 3867 uhi
377 3805 457 3868 desit
477 3805 627 3867 renuendi
647 3805 763 3868 intenta
785 3801 955 3883 tenaxque?

136 3927 170 3978 tt
186 3917 278 3979 istius
300 3925 404 3978 natura
426 3915 506 3978 sauri
527 3933 577 3976 res
599 3913 740 3978 convenit
762 3913 839 3976 intra

180 4027 286 4100 Binan,
309 4043 434 4106 quarum
456 4043 513 4088 aaa
536 4032 592 4098 cst,
614 4043 672 4104 qua
695 4031 814 4088 constat
832 4023 963 4095 victima,
986 4032 1017 4088 et
1038 4043 1105 4096 una,

187 4136 284 4211 Quam
306 4134 396 4198 debat
415 4134 565 4215 promissa
586 4134 673 4196 tides.
715 4133 822 4196 Deiera
843 4143 979 4214 potestas

185 4245 373 4307 Postremum
394 4245 475 4306 nulla
497 4251 552 4316 est
575 4243 634 4307 nisi
656 4243 700 4306 sia
721 4245 799 4308 hauc
820 4242 937 4306 solvero
959 4249 1073 4317 certum
