3144 5164
304 405 366 469 388
755 403 887 454 ttututst
906 404 983 454 ΧΧΧΙ.

559 499 678 507 ..-
1220 497 1479 508 Ἡ

369 626 464 704 burget
484 643 578 706 opus3
600 627 704 687 llorem
727 641 757 686 rn
779 641 927 704 magnum,
951 622 1001 705 qui
1024 631 1146 685 umatus
1169 623 1301 686 abundat

322 741 354 792 ltt
370 735 429 796 Tot
450 734 540 809 loliis,
563 734 634 796 bine
655 733 864 810 descendebat,
888 739 917 796 el
939 733 1009 795 iude
1030 731 1155 804 redibat,

368 843 563 906 adscendens
584 843 636 906 ubi
660 861 780 923 semper
800 845 892 916 Amor
912 841 1065 924 propriam
1085 841 1190 904 incolit
1210 843 1328 905 aedem.

369 953 514 1033 Fulgebet
536 953 600 1014 rivo
623 953 716 1015 leeles
739 953 786 1014 bia
809 951 948 1015 omnibus
970 952 1048 1030 igne,

369 1063 449 1124 barro
472 1063 628 1141 remigium
650 1062 781 1138 alaman,
804 1063 849 1125 sie
871 1069 988 1124 caetera
1011 1059 1148 1136 oendent,

370 1173 408 1234 llt
429 1173 478 1234 nix
501 1171 578 1234 nulla
602 1191 706 1252 aeque.
749 1173 782 1234 ln
806 1171 949 1251 gremium
973 1169 1087 1250 dilapsa
1109 1170 1189 1232 rosei

323 1289 353 1341 15
369 1281 452 1344 llanc
473 1299 530 1362 per
549 1290 579 1342 et
599 1282 675 1344 bane
696 1281 804 1342 seriem
828 1281 998 1353 condomam,
1021 1279 1164 1360 quidquid
1187 1281 1294 1360 adepta

369 1391 458 1453 Pacis
481 1399 510 1454 et
530 1391 646 1454 ardoris
669 1392 773 1464 luerat,
796 1391 867 1452 dum
887 1389 1010 1452 ventilat
1031 1388 1103 1463 alas,

371 1500 470 1562 Turba
492 1501 590 1564 dabat.
632 1500 694 1560 Nee
712 1499 774 1581 jam
796 1501 970 1561 volitantum
993 1499 1150 1571 exereitus,
1173 1499 1253 1562 inter

370 1610 488 1672 Florem
512 1610 651 1690 quodque
673 1627 763 1690 sopra
785 1616 830 1670 est
853 1609 979 1689 positus,
1002 1608 1099 1690 spatio
1121 1608 1253 1688 undique
1275 1611 1376 1690 pleno,

372 1717 517 1781 Obstabet
538 1717 698 1798 quidquam
721 1717 882 1798 splendori,
904 1718 1060 1799 oculisque
1080 1726 1231 1790 tuentum

321 1827 454 1901 tollam,
476 1836 564 1908 prout
586 1835 633 1888 est
654 1827 785 1908 dignum,
808 1845 841 1890 se
863 1827 913 1890 lux
934 1827 1033 1889 divina
1054 1845 1110 1907 per
1130 1847 1234 1892 omnes

247 1832 252 2015 Ι
370 1938 497 2000 Naturae
519 1937 653 2000 immittit
672 1947 782 2018 partes,
805 1946 838 1998 ut
858 1937 938 2000 nulla
959 1944 1094 2017 potestas

248 2024 252 2154 Ι
371 2047 447 2110 lluio
469 2047 587 2110 obstare
610 2056 708 2128 queat.
752 2047 827 2109 Tuta
850 2047 899 2108 ille
921 2047 1066 2127 beataque
1088 2063 1188 2126 regna,

371 2157 472 2238 Usque
495 2157 568 2218 adeo
591 2158 770 2248 antiquaque
792 2175 927 2238 novaque
949 2157 1114 2238 frequentia
1137 2167 1234 2236 gente,

372 2267 444 2328 lieu
466 2276 617 2328 elamore
639 2285 693 2329 suo
716 2267 833 2346 signum
856 2267 1035 2328 eonoendere
1057 2266 1095 2328 ad
1115 2283 1206 2328 unum

321 2387 355 2441 25
373 2376 527 2439 Gaudebat
547 2376 646 2438 simul.
691 2375 788 2438 Olux
809 2375 926 2456 triplex,
949 2394 1025 2455 queo
1047 2377 1134 2438 unioe
1158 2376 1188 2437 in
1211 2385 1293 2438 astro

372 2485 505 2548 Flamina
528 2485 697 2565 splendoris
719 2485 887 2548 scintillans
908 2484 1020 2547 lumine
1042 2483 1163 2548 euneta¹
1475 2504 1479 2645 Ι

373 2597 425 2657 Sic
446 2595 556 2676 exples,
577 2603 698 2656 nestros
720 2595 757 2656 de
779 2595 864 2656 coelo
885 2595 1003 2674 respice
1024 2595 1142 2658 nuens.

373 2705 502 2766 barbara
524 2705 550 2766 si
573 2707 722 2784 quondam
744 2723 819 2784 qens
840 2723 875 2766 ex
896 2705 1018 2784 regione
1039 2707 1184 2786 prolaeta,
1473 2674 1477 2713 ¹

374 2814 470 2888 Quam
493 2831 611 2894 semper
632 2815 766 2891 Tegeaea
789 2813 861 2894 tegit
881 2814 930 2894 pia
952 2821 1047 2876 mater
1068 2823 1164 2878 amata

323 2929 357 2981 tt
374 2925 413 2985 Se
436 2943 501 2984 eum
524 2923 608 3002 prole
629 2931 741 2998 rotans,
764 2923 886 2986 Romam
909 2923 1014 2986 mirata
1035 2922 1183 3006 simulque

373 3033 503 3096 Arduum
526 3051 602 3113 opus
624 3032 720 3095 stabat
741 3033 861 3111 longum
884 3033 977 3094 delixa
999 3044 1194 3116 stupensque,

374 3145 447 3205 llum
468 3161 517 3204 res
539 3143 679 3204 mortales
701 3142 877 3206 Lateranum
900 3161 934 3204 se
955 3142 1059 3204 extulit
1078 3145 1172 3220 ultre;

373 3253 431 3328 oui
453 3251 543 3314 modo
566 3251 602 3314 ab
624 3253 754 3314 humano
776 3251 812 3313 ad
835 3251 976 3326 divinum,
998 3271 1013 3314 a
1038 3261 1171 3334 tempore
1193 3253 1271 3318 lluao

372 3363 516 3424 leneram
538 3361 573 3424 ad
597 3371 759 3434 aeternum,
781 3369 870 3440 etque
892 3381 908 3422 a
929 3369 966 3434 te,
989 3359 1150 3435 Florentia,
1167 3362 1281 3445 justum
1473 3350 1476 3511 Ι

322 3479 356 3536 ³5
372 3471 415 3533 ld
438 3470 579 3552 populum
602 3489 637 3533 eo
659 3489 774 3544 sanum,
797 3488 855 3549 quo
877 3481 949 3532 tune
969 3469 1092 3533 haerere
1114 3483 1238 3553 stupore

373 3581 481 3642 llenus
502 3579 673 3643 debuerim!
697 3581 782 3644 llune
803 3579 882 3642 inter
902 3587 930 3641 et
952 3579 1057 3658 gaudia
1080 3589 1161 3644 unta
1471 3520 1562 3733 Ι

372 3688 419 3750 Nil
441 3689 544 3752 audire
566 3691 638 3751 mibi
661 3691 818 3770 linguaque
840 3689 928 3752 silere
949 3689 1079 3753 lubebat.

414 3797 509 3877 thue
530 3800 715 3878 peregrinus,
738 3807 915 3880 querolum
938 3799 1088 3872 solvitin
1110 3802 1185 3863 aede
1472 3738 1474 3863 Ι

373 3906 487 3970 Gaudet
507 3907 659 3987 pascendo
680 3909 786 3980 uisum,
810 3928 845 3970 ae
867 3927 900 3972 se
921 3927 1013 3989 posse
1035 3911 1147 3974 relerre

323 4019 479 4099 toSperat
502 4016 677 4097 quidquid
669 4035 700 4078 ιιι
723 4018 780 4080 boo
801 4018 890 4093 vidit,
912 4019 957 4080 sie
978 4018 1044 4082 luce
1067 4019 1123 4082 sub
1144 4021 1192 4084 illa
1469 3900 1561 4219 Ι

372 4129 442 4190 Viva
464 4128 521 4190 iter
540 4126 698 4188 intendens
720 4127 815 4188 oeulis
837 4147 892 4209 per
913 4136 1018 4190 cuneta
1038 4129 1175 4207 vagabar,

373 4239 410 4300 m
432 4254 548 4298 sursum
570 4243 601 4298 et
621 4235 760 4298 deorsum
782 4237 854 4300 milri
877 4239 997 4318 saepius
1019 4239 1093 4301 orbe
1113 4257 1262 4304 remenso
1469 4224 1473 4439 Ι

374 4347 438 4408 Vidi
463 4345 646 4428 compositos
667 4345 703 4407 ad
727 4363 857 4410 amorem
880 4347 993 4428 fulgere
1013 4348 1119 4422 vultus,
