3116 5162
795 391 968 444 mentito.

351 578 480 674 junctio
512 587 622 650 botae
661 576 846 650 sententiae
879 575 1048 680 amicat)
1089 577 1250 676 populari.
1316 578 1427 675 lnquit
1440 581 1497 672 aa)

358 697 448 769 enim
482 695 536 768 ille
577 695 801 792 respondens:
846 695 1085 769 rationabiliter
1125 707 1214 770 certe
1255 696 1425 793 pensaris;
1466 709 1500 768 ct

355 838 457 913 quum
484 839 502 886 a
528 814 691 912 principio
718 814 858 887 coelitus
883 814 1025 888 lortasse
1039 837 1153 887 semen
1169 813 1318 888 inlusum
1331 814 1367 886 ia
1386 814 1498 910 bajus·

353 932 443 1006 modi
457 932 662 1028 propositum
678 932 892 1027 germinaret,
904 956 1020 1006 rocem
1046 933 1087 1006 ad
1113 932 1289 1030 haec⁹**)
1316 933 1497 1028 legitimam

355 1051 537 1150 praeelegi3
564 1073 627 1124 nec
648 1061 774 1124 motum
801 1051 979 1147 praeelegi,
1006 1050 1189 1148 quinimmo
1216 1051 1389 1148 cumipse
1406 1075 1498 1124 more

355 1170 452 1244 solito
480 1169 643 1266 poetaodo
669 1169 819 1265 incoepi:

449 1288 556 1354 Ultima
578 1305 668 1366 regna
692 1307 796 1352 canam
817 1286 929 1350 lluaido
951 1288 1135 1352 contermina
1157 1287 1278 1360 mundo,

446 1388 612 1469 spiritibus
634 1407 709 1470 quae
730 1389 789 1450 lata
811 1396 922 1470 patent,
946 1407 1021 1468 quae
1043 1388 1175 1470 praemia
1198 1389 1318 1452 solvunt

447 1491 506 1552 Pro
529 1489 643 1552 meritis
666 1489 842 1569 cuicumque
854 1489 887 1568 ᾗ)
911 1490 984 1551 scis.

354 1591 421 1666 Sed
448 1615 550 1690 quum
576 1591 760 1688 praesentis
793 1591 862 1662 aevi
899 1590 1122 1663 conditionem
1156 1589 1392 1688 rependerem,
1431 1592 1496 1664 vidi

353 1721 470 1783 matus
509 1709 686 1783 illustrium
719 1721 891 1808 poetarum
925 1709 1019 1807 qnasi
1060 1734 1119 1806 pro
1154 1708 1256 1781 nihilo
1291 1734 1366 1782 esse
1408 1710 1498 1807 abje-

282 1819 289 1826 ’
354 1835 515 1926 ctos††p,
542 1839 576 1902 et
601 1826 665 1901 lrcc
691 1828 874 1923 aeaoffi)
901 1827 1056 1924 generosi
1084 1826 1247 1920 homiues,
1274 1827 1394 1925 quibus
1423 1829 1499 1902 talia

354 1945 483 2019 meliori
511 1958 659 2043 tempore
687 1945 935 2038 scribebantur,
962 1944 1116 2018 liberales
1144 1956 1250 2040 artes,
1277 1946 1360 2044 prob
1390 1947 1498 2040 dolor,

354 2065 511 2138 dimisere
538 2065 686 2164 plebeiis.
726 2063 866 2162 Propter
892 2064 978 2162 quod
1003 2063 1152 2160 lyrulam,
1180 2089 1243 2162 qua
1271 2063 1376 2137 lretns
1392 2091 1497 2160 eram,

354 2184 512 2281 deposui,
539 2185 635 2258 aliam
660 2207 861 2283 praeparans
894 2182 1144 2256 convenientem
1177 2181 1331 2255 sensibus
1364 2185 1498 2258 moder·

352 2326 490 2376 norum:
524 2303 647 2376 frustra
680 2303 770 2376 enim
806 2300 994 2376 mandibilis
1020 2300 1115 2374 cibus
1140 2301 1182 2373 ad
1215 2325 1272 2373 ora
1304 2300 1499 2376 lactentium

353 2421 555 2495 admovetur.

249 2539 369 2634 Verba,
395 2539 516 2637 quibus
541 2539 771 2612 Boccatius
797 2535 886 2610 binis
912 2537 994 2611 locis
1021 2539 1160 2610 eandem
1186 2561 1258 2610 rem
1283 2535 1398 2631 refert,
1427 2549 1495 2612 tam
1556 2537 1557 2540 ’

250 2667 363 2731 exacte
397 2658 597 2730 conveniunt
632 2655 811 2729 narrationi
837 2653 1047 2746 Hilarianae,
1074 2666 1111 2727 ut
1143 2655 1282 2728 alterum
1315 2655 1356 2728 ab
1390 2657 1495 2731 altero

253 2801 328 2850 esse
365 2775 565 2872 exscriptum
606 2774 748 2848 dubitari
783 2783 936 2871 nequeat.
1001 2773 1049 2844 lta
1082 2771 1171 2846 enirn
1203 2774 1238 2846 in
1278 2773 1344 2848 vita
1375 2787 1496 2874 poetae

251 2897 339 2994 (cap.
368 2895 426 2969 14.
451 2918 483 2993 p.
510 2893 571 2970 92.
597 2895 658 2970 93.
685 2893 763 2967 edit
791 2890 1061 2988 Gambanaej:

318 3129 343 3194 *l
362 3131 388 3182 la
407 3132 489 3183 codice
507 3129 594 3194 legitor
611 3131 707 3192 emiele,
732 3143 785 3179 eom
804 3129 907 3190 lineola,
926 3129 993 3195 quasi
1012 3127 1197 3178 abbreviationis
1213 3129 1298 3190 aigae,
1317 3129 1400 3180 literae
1417 3133 1426 3180 l
1445 3139 1493 3182 tra-

247 3221 320 3282 jecta.
356 3217 423 3268 lleoe
446 3215 500 3266 libri
523 3216 666 3281 scriptoram
690 3216 799 3279 proxime
823 3223 935 3274 mactas,
964 3214 1004 3278 qai
1030 3227 1106 3278 nuper
1129 3213 1256 3278 epistolam
1280 3229 1307 3263 ea
1331 3215 1385 3278 ipae
1409 3217 1494 3266 codiee

250 3301 430 3354 amantissime
457 3301 544 3362 elidit,
569 3300 740 3350 celeberrimae
758 3299 872 3350 llatiae
890 3300 942 3358 (Tre
959 3301 1054 3364 epistole
1071 3299 1142 3348 latiae
1167 3300 1192 3348 di
1215 3299 1242 3350 ll.
1260 3300 1381 3363 ltipbiere'.
1425 3301 1493 3352 Prata

252 3385 325 3437 lSlb.
343 3401 367 3451 p.
386 3385 428 3446 ld)
453 3383 519 3435 dedit
541 3385 648 3436 anticulo.
692 3384 846 3434 detinendam
872 3391 950 3434 tamen
974 3391 1032 3447 pato
1056 3382 1194 3432 facillimam
1213 3383 1359 3447 Dionysii
1378 3387 1492 3436 emenda-

249 3473 348 3523 tionem·
1045 3507 1048 3514 .

316 3553 358 3615 ”l
376 3555 401 3604 le
418 3555 483 3620 quid,
502 3551 566 3617 qaod
584 3551 638 3620 (per
656 3567 703 3602 aaa
721 3553 817 3602 «labiano
836 3551 1047 3612 abbreviationem)
1064 3558 1101 3601 est
1119 3551 1143 3600 iu
1160 3549 1252 3614 codice,
1270 3552 1293 3602 ia
1313 3559 1376 3602 terta
1394 3555 1492 3606 retinnit

250 3639 380 3692 dlutius.
416 3637 490 3686 Etiam
509 3639 569 3686 euim
586 3635 617 3698 (ei
635 3652 688 3688 cum
708 3637 768 3686 linea
787 3637 949 3702 superposita)
967 3635 1059 3686 siletur
1076 3643 1223 3700 suspectum.

316 3719 374 3782 W)
392 3721 458 3772 lleac
481 3721 571 3771 codicis
598 3721 742 3786 scriptoram
771 3721 842 3782 (bea)
868 3719 1006 3772 deserentes
1031 3719 1135 3771 editores
1160 3719 1319 3784 llloapeia
1343 3723 1490 3773 recentiores

248 3807 368 3862 dederuut
385 3809 436 3858 lae·

317 3891 348 3954 †)
365 3891 533 3942 baecatioe
552 3891 575 3940 ia
594 3891 766 3940 commentario
783 3889 832 3940 nte.
851 3890 1063 3956 domuumque.

317 3976 370 4040 ††)
388 3975 468 4026 Codex
485 3977 593 4039 objectos.

317 4059 393 4123 †††)
411 4059 490 4110 Codex
508 4061 531 4110 io
550 4073 603 4108 cnm
622 4057 711 4108 lineola
729 4059 898 4124 superposita,
917 4059 980 4124 qaod
999 4058 1112 4110 llutius
1131 4061 1209 4110 minus
1228 4067 1291 4110 recte
1309 4075 1353 4126 per
1370 4064 1415 4112 imo
1434 4061 1489 4124 (boe

249 4149 314 4199 enirn
336 4143 432 4196 verbam
455 4159 505 4208 pesa
528 4143 635 4194 seribere
657 4143 720 4192 solet
742 4143 905 4202 amanuensis)
928 4145 1098 4208 interpretatas
1121 4153 1171 4206 est,
1194 4159 1267 4210 quana
1291 4145 1489 4214 sitJbbreeietio

249 4231 313 4283 uerbi
332 4231 392 4280 idea.
428 4227 475 4278 Sed
494 4241 523 4276 aa
542 4227 588 4278 boe
607 4227 702 4292 quidem
729 4235 809 4292 potest
834 4227 937 4278 delendi.
980 4227 1081 4279 Goadlio
1106 4229 1214 4279 inserant
1237 4231 1410 4296 llioupeiue
1438 4233 1489 4294 (loe

249 4315 357 4374 consiliat
381 4321 405 4364 et
429 4313 527 4376 l'rope
551 4314 604 4373 (lae
624 4315 674 4378 ipso
698 4311 820 4376 coasilio),
848 4313 913 4378 qaod
931 4313 994 4364 uude
1012 4313 1142 4374 hauserint,
1161 4315 1250 4366 neseio.
1295 4317 1407 4369 Nostram
1425 4325 1488 4368 certe

250 4399 440 4452 emendationem
458 4395 540 4448 aeneai
559 4397 696 4464 codicisqae
714 4397 846 4462 scripturae
865 4399 940 4464 magle
958 4397 1084 4450 convenire
1102 4399 1228 4452 concedes.
