3124 5170
312 463 354 526 4⁰
758 464 952 518 rorssnonuu
969 465 1007 516 xi.

379 683 429 746 Vis
452 685 667 762 cognomenti,
689 691 849 765 postquam
870 685 911 746 eit
932 684 1032 747 clausa
1054 683 1145 746 iuturi
1283 729 1289 740 .

377 793 483 856 Janua.
507 827 547 838 -
569 794 645 856 Tum
667 795 757 858 veluti
779 812 940 875 peruussus
962 794 1054 856 corda
1074 793 1179 858 dolore

327 911 361 964 aa
379 902 425 964 Ob
447 903 580 984 eulpam,
604 903 680 966 dixi:
704 905 804 984 Lapso
825 904 870 967 illi
892 914 924 966 tu
945 904 1003 966 ista
1025 911 1145 984 reporta

378 1012 476 1087 Dicta,
500 1033 587 1076 suum
608 1023 711 1076 nanim
731 1013 807 1076 viris
829 1013 1021 1094 conjunoum
1042 1031 1131 1093 agere
1152 1031 1267 1077 aevum.

378 1123 466 1197 Quod
488 1123 515 1184 si
536 1134 618 1186 muta
639 1123 683 1186 ilii
705 1141 771 1186 rusa
793 1132 865 1186 tuuc
886 1141 1033 1204 responsa
1054 1123 1149 1197 suero,
1261 1117 1264 1124 ’

377 1231 486 1306 Effice,
507 1242 541 1295 ut
561 1233 612 1294 ille
635 1232 726 1306 sciat,
749 1233 878 1315 mejam
900 1251 989 1295 seeus
1011 1251 1080 1295 esse
1101 1241 1233 1313 putasse,

376 1341 485 1405 Mentis
507 1343 545 1405 ob
567 1361 700 1404 errorem
722 1360 819 1422 nuper
839 1351 869 1406 to
891 1343 972 1404 fauts
993 1341 1134 1406 solutum.

311 1463 359 1516 1⁰⁰
375 1450 513 1532 Alioquin
535 1470 582 1514 me
600 1452 664 1531 jam
685 1453 792 1514 ductor
811 1451 970 1513 mroeabat
990 1451 1028 1513 ab
1051 1451 1117 1514 illo:

377 1560 476 1636 Quare
496 1562 596 1642 ipsum
618 1561 699 1624 orari
721 1561 815 1624 mutto
836 1560 1063 1642 properantius,
1085 1570 1119 1623 ut
1138 1579 1197 1634 mo,

375 1668 475 1732 Altera
496 1670 523 1732 si
546 1689 604 1751 qna
627 1671 686 1734 sibi
707 1671 867 1751 conjuncta
888 1669 930 1733 sit
950 1669 1069 1744 umbra,
1092 1670 1225 1734 doceret.

417 1779 488 1842 Plus
510 1799 599 1860 quam
621 1780 702 1842 mille
720 1781 824 1862 jaoent
845 1780 895 1842 hio
916 1798 1049 1850 meeum,
1070 1779 1115 1842 ait
1134 1779 1201 1854 illea
1221 1781 1374 1844 onomius
1400 1782 1407 1792 '

374 1887 431 1950 ilio
452 1889 533 1952 intus
554 1891 727 1964 inomaus,
750 1899 781 1951 et
801 1897 884 1952 osus
905 1889 1082 1970 splendidus
1103 1888 1176 1952 oiim

310 2003 357 2058 tta
374 1997 428 2061 liis
446 1999 529 2079 jacet
548 1999 666 2079 positas
687 2000 831 2080 prineops
853 2000 883 2062 in
907 1999 1030 2062 cardine
1052 1999 1143 2072 celso,

374 2109 412 2171 Et
432 2108 565 2190 reliquos
587 2109 674 2172 sileo.
717 2109 792 2172 Dein
813 2117 909 2172 totum
930 2127 964 2170 se
987 2107 1103 2170 obdidit
1123 2127 1203 2172 erte.

373 2221 428 2282 Ast
447 2236 503 2297 ego
526 2218 564 2280 ad
585 2219 740 2301 antiquum
760 2219 836 2281 verti
857 2219 1110 2298 resupinatam,

374 2327 518 2391 Evolvens
541 2348 618 2409 quas
638 2330 728 2392 verba
749 2329 823 2391 mihi
845 2337 916 2392 sunt
937 2327 1054 2390 hostien
1076 2327 1166 2390 dicta.

416 2439 469 2501 llis
490 2439 598 2519 pedem
620 2448 689 2502 ante
711 2439 792 2512 auia,
815 2438 886 2500 dein
907 2455 1035 2518 pergens
1057 2436 1128 2500 talia
1151 2439 1245 2500 interr:

309 2557 357 2610 iio
374 2548 474 2622 Quare
496 2547 541 2610 sio
562 2545 720 2628 trepidus?
741 2547 808 2611 uixi
830 2547 1004 2628 explerique
1026 2557 1189 2625 rogantem.

374 2659 486 2720 Cuncta
508 2658 623 2732 audita,
645 2657 701 2720 tibi
722 2657 887 2730 eontraria‚
910 2667 1009 2720 ments
1031 2667 1152 2737 reposta

373 2769 460 2830 Steut
480 2767 592 2840 solida,
611 2767 705 2848 jussit
724 2767 839 2846 sophus
860 2767 926 2840 ille,
950 2767 1039 2828 modo
1062 2766 1160 2846 arrige
1182 2766 1220 2828 ed
1243 2766 1300 2830 ista

373 2876 598 2957 Consiliumque
619 2875 812 2956 animumque
833 2883 932 2950 nrum,
955 2875 1140 2956 digitumque
1162 2875 1279 2940 levavit.

373 2987 446 3048 Cum
465 2986 587 3048 dabitur
607 2986 767 3067 praedulce
785 2985 875 3067 jubar
895 2985 950 3048 tibi
972 3003 1096 3048 eernere
1117 3004 1218 3048 eoram

308 3105 355 3160 tlt
372 3095 471 3169 Illius,
493 3096 616 3176 pulchra
639 3115 716 3178 qnae
739 3097 893 3160 ooruonrm
915 3096 981 3158 lune
1003 3103 1103 3158 tuetur

373 3207 501 3278 Cuncta,
525 3215 591 3271 tuae
612 3207 690 3270 ritae
711 3225 832 3270 causum
853 3205 909 3268 tibi
930 3205 1011 3268 seire
1032 3223 1088 3284 per
1107 3203 1207 3284 ipsum

372 3315 431 3380 Fas
453 3317 519 3378 erit
562 3317 645 3380 Haeo
665 3325 763 3390 usus,
786 3317 914 3398 pedibus
936 3315 1006 3378 dein
1029 3314 1112 3376 laeva
1133 3311 1248 3393 peusis

414 3425 465 3488 Sic
486 3445 543 3488 nos
564 3427 731 3490 deserimus
751 3445 883 3499 murum,
906 3424 1097 3503 mediumque
1118 3431 1255 3486 muamus

372 3535 460 3600 Urbis
483 3535 540 3598 iter
560 3535 629 3598 valli
650 3535 852 3616 respondeus,
874 3535 954 3598 unde
976 3532 1119 3614 mephitis
1193 3559 1198 3570 ·

306 3661 355 3712 tan
372 3645 502 3708 invisum
525 3665 621 3726 usquo
643 3643 714 3707 ilino
735 3645 871 3708 uutoebat
891 3645 973 3706 rima
996 3643 1027 3706 in
1048 3661 1111 3706 orn

874 3905 931 3986 xi.

411 4083 586 4147 Praeoelsae
606 4093 767 4146 extremam
789 4084 873 4164 ripas
893 4081 1125 4146 consuendins
1147 4099 1240 4153 oram,

369 4193 402 4258 ln
425 4211 527 4274 gyrum
549 4211 639 4274 quam
659 4201 748 4272 napta
768 4193 879 4254 dabant
900 4192 1033 4272 iugentia
1054 4209 1135 4264 mn,

369 4303 595 4384 lnstitimusqne
616 4302 711 4382 map‘s
733 4301 814 4364 dins
835 4301 1017 4383 stipantibus
1036 4301 1118 4364 areis

369 4413 496 4478 Poenas.
539 4416 635 4494 Atque
657 4413 708 4478 hio
729 4411 866 4476 horribili
888 4421 1050 4494 superante
1070 4409 1190 4492 putoris
