3142 5166
313 381 855 394 --Ἦ-*ᾖ
1305 385 1464 427 -.m-p

292 437 351 502 182
732 437 911 492 eueotroeu
930 437 979 490 ru.
1461 430 1464 549 Ξ

355 535 452 543 ——---
732 533 1069 540 -mm

306 779 340 832 60
357 768 490 848 Corpora
512 767 649 830 dixisses.
692 765 787 828 Nemo
809 766 964 828 verissima
984 765 1066 838 uidit,

358 879 453 952 Quom
477 895 553 958 qune
575 893 631 955 ego
655 875 763 938 cnlcnri
784 874 922 955 pedihus,
945 876 1016 940 dum
1038 891 1168 938 cernuus
1190 873 1280 940 ibam

400 987 452 1068 Eju
473 987 523 1061 ite,
546 1007 564 1049 o
585 986 646 1050 Eva
667 985 769 1064 geniti,
791 1001 872 1048 nunc
893 985 936 1050 ite
957 983 1081 1065 superbi

357 1097 429 1160 Visu
451 1096 576 1168 sublate,
599 1115 638 1158 ne
659 1094 744 1158 uobis
766 1113 889 1160 eernere
911 1094 999 1158 detur

358 1207 453 1280 Quam
475 1224 597 1286 prunum
619 1205 744 1269 teneatis
766 1203 833 1268 iter.
854 1233 897 1250 -·
917 1203 983 1266 inm
1005 1204 1131 1268 maxime
1153 1203 1242 1268 nobis

307 1328 340 1382 65
357 1318 430 1380 Pars
454 1316 564 1378 circum
587 1321 742 1395 perngrntn
763 1313 838 1394 jugi,
859 1312 1014 1394 multoque
1036 1314 1135 1378 diurni

359 1426 429 1488 Plus
453 1433 516 1487 erat
537 1425 704 1505 impensum
727 1441 843 1496 cursus,
866 1439 955 1502 quem
977 1431 1076 1486 mente
1097 1431 1233 1503 putaram

359 1536 425 1598 Non
448 1551 557 1608 vacun;
580 1552 657 1607 cum,
681 1533 732 1612 qui
754 1551 874 1614 semper
894 1532 1032 1611 vigilante
1053 1533 1188 1614 praeibat

360 1645 512 1708 Sollicitus
535 1661 614 1718 curn,
638 1644 753 1724 eoepit:
777 1643 870 1722 Caput
891 1643 1006 1720 arrige3
1028 1659 1088 1706 uon
1111 1651 1159 1708 est

1463 1946 1465 1979 Ι

1462 2154 1466 2187 i

1460 554 1463 589 Ι

357 657 508 720 Exstincto
530 656 682 720 exstinctis
704 665 735 720 et
754 657 818 718 viun
840 654 992 718 simillime
1012 655 1085 718 vivis

359 1756 490 1836 Tempus
512 1761 666 1834 prueteren
689 1771 838 1833 suspenso
860 1751 1000 1816 incedere
1021 1769 1122 1833 passu,

308 1877 342 1929 tn
359 1866 395 1928 Ut
417 1864 516 1926 modo.
560 1862 657 1926 Cerne
679 1863 740 1928 ittic
761 1861 881 1942 superis
902 1862 940 1924 de
962 1861 1084 1926 sedibus
1106 1879 1198 1926 unum

359 1975 509 2052 Aligerum
531 1975 591 2038 hue
613 1974 818 2036 adventantem
841 1973 900 2036 cito
922 1971 1030 2036 adesse
1050 1980 1202 2052 parntum3

360 2085 499 2165 Adspice,
523 2093 604 2147 sexto
625 2083 702 2146 redit
722 2081 864 2146 inmulntn
884 2081 991 2146 nundin
1013 2082 1084 2146 diei.

360 2195 419 2258 Fac
443 2193 497 2256 tihi
519 2195 717 2274 compositum
739 2201 863 2256 exornet
884 2192 1051 2255 reverentie
1071 2191 1184 2254 ruitum

360 2305 398 2366 Et
419 2313 545 2382 gestum,
567 2311 601 2368 ut
618 2304 701 2384 juret
721 2304 802 2366 hunc
823 2320 880 2365 nos
902 2309 1034 2364 monem
1055 2301 1172 2364 mittere
1193 2301 1224 2364 in
1246 2301 1356 2368 eitum:

311 2425 344 2479 te
361 2415 452 2477 Votre
474 2414 574 2477 animo
595 2411 673 2474 hane
694 2430 755 2476 nou
777 2429 869 2494 posse
891 2409 971 2476 diem
993 2410 1146 2474 lucescere
1167 2429 1283 2480 rursus.

237 2504 240 2532 ¹
362 2526 458 2606 Snepe
482 2531 621 2587 assuetus
644 2541 724 2586 erem
746 2522 878 2596 monitis,
900 2522 986 2602 queis
1009 2521 1119 2584 ducere
1139 2529 1258 2603 tempus

361 2636 409 2698 tie
431 2635 537 2696 doctor
556 2632 664 2708 vetuit3
687 2650 778 2713 qnare
800 2631 873 2696 mihi
894 2629 986 2694 rebus
1007 2631 1038 2694 in
1061 2630 1127 2694 istis

362 2744 428 2806 Non
450 2743 547 2824 potuit
568 2743 709 2806 docuisse
730 2759 806 2804 nora
827 2747 878 2804 out
897 2740 1039 2822 perplexe
1061 2740 1185 2820 proteri.

403 2851 547 2930 Egregius
570 2851 674 2927 torma,
696 2851 783 2914 niueo
805 2849 986 2930 spectandus
1008 2849 1126 2926 amictu,

238 3040 241 3054 ,
311 2977 345 3030 80
361 2963 444 3026 Ultro
468 2959 644 3023 occurrebat
664 2959 852 3024 venientibus
874 2959 980 3022 obrius
1000 2959 1078 3034 nies3

238 3133 241 3148 ,
361 3071 496 3136 Matutini
518 3071 612 3134 instar
633 3068 759 3133 tremulo
781 3067 897 3146 tuigore
918 3069 1056 3133 micantis

238 3252 241 3276 Ι
363 3183 488 3256 Sideris,
510 3179 581 3242 huic
602 3180 695 3244 incies
717 3177 858 3242 rediebat.
901 3179 1027 3242 Brnchin
1048 3178 1151 3259 pandit

238 3306 241 3323 ¹
362 3293 494 3355 Primum
516 3298 546 3354 et
567 3309 637 3352 mox
657 3290 719 3352 ales
741 3288 845 3354 simui:
868 3289 935 3352 Huc
956 3288 1096 3360 accedite,
1119 3289 1200 3362 dixit,

363 3402 418 3464 Hic
440 3419 535 3483 prope
557 3407 627 3462 sunt
648 3400 744 3464 editus
767 3399 922 3478 facilisque
945 3398 1069 3462 evadere
1090 3398 1121 3460 in
1143 3397 1233 3462 dm·

239 3555 241 3563 ·
312 3527 345 3580 85
363 3513 416 3574 lint
439 3509 557 3590 gredm.
601 3509 684 3572 Hace
704 3508 831 3572 suadent
851 3525 988 3587 gressum
1010 3506 1070 3570 huc
1091 3508 1257 3572 horumne
1279 3508 1360 3573 terre
1467 3532 1469 3565 t

363 3623 468 3682 Raros.
511 3619 675 3696 Progenies
697 3618 861 3692 hominum,
884 3635 976 3698 super
997 3625 1077 3680 nstra
1100 3618 1200 3682 rotare
1466 3588 1469 3607 ¹

364 3730 468 3802 Enete,
491 3729 529 3790 nh
552 3728 691 3807 quisnam
713 3737 742 3791 te
764 3727 877 3792 tentuln
900 3727 1001 3807 dejicit
1022 3726 1117 3790 nurui

406 3838 436 3900 ls
459 3856 514 3899 nos
536 3837 666 3910 deduxit,
690 3855 749 3918 quo
771 3857 863 3918 rupes
886 3855 972 3900 cnesn
993 3837 1129 3918 petebat:

364 3949 419 4009 Hic
441 3947 513 4010 mihi
535 3947 686 4026 percussit
706 3948 836 4010 frontem
857 3945 1042 4010 vibrantibus
1063 3947 1130 4020 uiis,

312 4071 347 4123 tto
365 4059 438 4120 [isin
461 4063 555 4121 tntum
577 4057 715 4136 promisit
735 4058 792 4122 iter
812 4057 895 4119 mihi.
940 4057 1056 4131 Qualis,
1078 4057 1129 4122 ubi
1151 4057 1243 4120 altum

239 4205 241 4219 ·
363 4169 387 4228 Α
410 4167 511 4229 dextra
533 4174 665 4230 montem
688 4166 877 4242 conscendis,
901 4187 960 4247 quo
983 4167 1093 4232 insidet
1113 4166 1215 4240 sedes,

239 4300 241 4351 ;
364 4278 446 4350 Quae
469 4276 545 4338 bene
567 4283 721 4350 rnorntnm,
744 4275 928 4342 Rubiconem
950 4278 1091 4358 desuper,
1113 4277 1219 4342 urbem

364 4385 500 4468 subjicit
524 4385 689 4449 adscensus
711 4386 808 4467 rapidi
830 4387 1056 4470 interrumpitur
1076 4385 1171 4454 nudnx

234 862 249 2215 ————m-—————-'———
234 713 238 842 —
247 537 342 548 'p
236 389 305 396 d
