<?xml version="1.0" encoding="UTF-8"?>
<!DOCTYPE html PUBLIC "-//W3C//DTD XHTML 1.0 Transitional//EN"
    "http://www.w3.org/TR/xhtml1/DTD/xhtml1-transitional.dtd">
<html xmlns="http://www.w3.org/1999/xhtml" xml:lang="en" lang="en">
 <head>
  <title>
</title>
<meta http-equiv="Content-Type" content="text/html;charset=utf-8" />
  <meta name='ocr-system' content='tesseract 3.04.00' />
  <meta name='ocr-capabilities' content='ocr_page ocr_carea ocr_par ocr_line ocrx_word'/>
</head>
<body>
  <div class='ocr_page' id='page_1' title='image "./divinacomoedia00piazgoog_0132.png"; bbox 0 0 3124 5170; ppageno 0'>
   <div class='ocr_carea' id='block_1_1' title="bbox 530 459 789 518">
    <p class='ocr_par' dir='ltr' id='par_1_1' title="bbox 530 459 789 518">
     <span class='ocr_line' id='line_1_1' title="bbox 530 459 789 518; baseline 0.004 -2"><span class='ocrx_word' id='word_1_1' title='bbox 530 459 725 518; x_wconf 70' lang='lat' dir='ltr'><strong>iNi&#39;EitNORiJ!</strong></span> <span class='ocrx_word' id='word_1_2' title='bbox 742 467 789 518; x_wconf 74' lang='lat' dir='ltr'><strong>XX.</strong></span> 
     </span>
    </p>
   </div>
   <div class='ocr_carea' id='block_1_2' title="bbox 52 680 1554 4067">
    <p class='ocr_par' dir='ltr' id='par_1_2' title="bbox 52 680 1554 4067">
     <span class='ocr_line' id='line_1_2' title="bbox 161 680 1048 766; baseline 0.005 -22"><span class='ocrx_word' id='word_1_3' title='bbox 161 683 224 744; x_wconf 81' lang='lat' dir='ltr'><strong>Hoc</strong></span> <span class='ocrx_word' id='word_1_4' title='bbox 245 680 298 744; x_wconf 84' lang='lat' dir='ltr'><strong>ubi</strong></span> <span class='ocrx_word' id='word_1_5' title='bbox 320 682 379 746; x_wconf 90' lang='lat' dir='ltr'><strong>iter</strong></span> <span class='ocrx_word' id='word_1_6' title='bbox 399 691 518 746; x_wconf 84' lang='lat' dir='ltr'><strong>tereret</strong></span> <span class='ocrx_word' id='word_1_7' title='bbox 560 681 711 756; x_wconf 76' lang='lat' dir='ltr'><strong>Pisoni-ia,</strong></span> <span class='ocrx_word' id='word_1_8' title='bbox 733 684 857 764; x_wconf 76' lang='lat' dir='ltr'><strong>pulchra</strong></span> <span class='ocrx_word' id='word_1_9' title='bbox 880 694 1048 766; x_wconf 81' lang='lat' dir='ltr'><strong>potensque</strong></span> 
     </span>
     <span class='ocr_line' id='line_1_3' title="bbox 115 792 952 874; baseline 0.007 -22"><span class='ocrx_word' id='word_1_10' title='bbox 115 801 145 852; x_wconf 81' lang='lat' dir='ltr'><strong>to</strong></span> <span class='ocrx_word' id='word_1_11' title='bbox 159 795 233 866; x_wconf 76' lang='lat' dir='ltr'><strong>Arx,</strong></span> <span class='ocrx_word' id='word_1_12' title='bbox 257 811 349 874; x_wconf 79' lang='lat' dir='ltr'><strong>opere</strong></span> <span class='ocrx_word' id='word_1_13' title='bbox 372 792 500 872; x_wconf 73' lang='lat' dir='ltr'><strong>egregio.</strong></span> <span class='ocrx_word' id='word_1_14' title='bbox 514 792 617 866; x_wconf 81' lang='lat' dir='ltr'><strong>fortis,</strong></span> <span class='ocrx_word' id='word_1_15' title='bbox 640 793 740 868; x_wconf 86' lang='lat' dir='ltr'><strong>sedet,</strong></span> <span class='ocrx_word' id='word_1_16' title='bbox 762 793 849 856; x_wconf 85' lang='lat' dir='ltr'><strong>obvia</strong></span> <span class='ocrx_word' id='word_1_17' title='bbox 870 796 952 874; x_wconf 75' lang='lat' dir='ltr'><strong>genti</strong></span> 
     </span>
     <span class='ocr_line' id='line_1_4' title="bbox 159 901 977 982; baseline 0.005 -18"><span class='ocrx_word' id='word_1_18' title='bbox 159 903 344 982; x_wconf 77' lang='lat' dir='ltr'><strong>Borgomeae</strong></span> <span class='ocrx_word' id='word_1_19' title='bbox 365 901 533 976; x_wconf 85' lang='lat' dir='ltr'><strong>obsistens,</strong></span> <span class='ocrx_word' id='word_1_20' title='bbox 556 910 587 964; x_wconf 89' lang='lat' dir='ltr'><strong>et</strong></span> <span class='ocrx_word' id='word_1_21' title='bbox 607 901 723 982; x_wconf 85' lang='lat' dir='ltr'><strong>siquid</strong></span> <span class='ocrx_word' id='word_1_22' title='bbox 745 902 822 966; x_wconf 81' lang='lat' dir='ltr'><strong>sorte</strong></span> <span class='ocrx_word' id='word_1_23' title='bbox 844 914 977 968; x_wconf 85' lang='lat' dir='ltr'><strong>moveret</strong></span> 
     </span>
     <span class='ocr_line' id='line_1_5' title="bbox 159 1009 984 1096; baseline 0.005 -22"><span class='ocrx_word' id='word_1_24' title='bbox 159 1012 269 1074; x_wconf 80' lang='lat' dir='ltr'><strong>Brixia.</strong></span> <span class='ocrx_word' id='word_1_25' title='bbox 312 1009 368 1074; x_wconf 82' lang='lat' dir='ltr'><strong>Ubi</strong></span> <span class='ocrx_word' id='word_1_26' title='bbox 392 1011 504 1074; x_wconf 84' lang='lat' dir='ltr'><strong>oiroum</strong></span> <span class='ocrx_word' id='word_1_27' title='bbox 526 1011 594 1092; x_wconf 88' lang='lat' dir='ltr'><strong>plus</strong></span> <span class='ocrx_word' id='word_1_28' title='bbox 614 1011 685 1092; x_wconf 85' lang='lat' dir='ltr'><strong>ripa·</strong></span> <span class='ocrx_word' id='word_1_29' title='bbox 702 1011 841 1087; x_wconf 76' lang='lat' dir='ltr'><strong>inclinat,</strong></span> <span class='ocrx_word' id='word_1_30' title='bbox 864 1023 984 1096; x_wconf 84' lang='lat' dir='ltr'><strong>oportet</strong></span> 
     </span>
     <span class='ocr_line' id='line_1_6' title="bbox 159 1121 992 1202; baseline 0.002 -18"><span class='ocrx_word' id='word_1_31' title='bbox 159 1122 196 1184; x_wconf 83' lang='lat' dir='ltr'><strong>Ut</strong></span> <span class='ocrx_word' id='word_1_32' title='bbox 218 1130 280 1184; x_wconf 87' lang='lat' dir='ltr'><strong>tota</strong></span> <span class='ocrx_word' id='word_1_33' title='bbox 302 1121 383 1182; x_wconf 88' lang='lat' dir='ltr'><strong>unda</strong></span> <span class='ocrx_word' id='word_1_34' title='bbox 403 1121 505 1194; x_wconf 79' lang='lat' dir='ltr'><strong>eadat,</strong></span> <span class='ocrx_word' id='word_1_35' title='bbox 529 1139 604 1201; x_wconf 81' lang='lat' dir='ltr'><strong>quoe</strong></span> <span class='ocrx_word' id='word_1_36' title='bbox 624 1140 697 1184; x_wconf 88' lang='lat' dir='ltr'><strong>sese</strong></span> <span class='ocrx_word' id='word_1_37' title='bbox 717 1122 748 1184; x_wconf 90' lang='lat' dir='ltr'><strong>in</strong></span> <span class='ocrx_word' id='word_1_38' title='bbox 770 1123 886 1202; x_wconf 76' lang='lat' dir='ltr'>gurgite</span> <span class='ocrx_word' id='word_1_39' title='bbox 907 1133 992 1186; x_wconf 84' lang='lat' dir='ltr'><strong>vasto</strong></span> 
     </span>
     <span class='ocr_line' id='line_1_7' title="bbox 159 1230 1026 1312; baseline 0.006 -20"><span class='ocrx_word' id='word_1_40' title='bbox 159 1231 268 1294; x_wconf 77' lang='lat' dir='ltr'><strong>Benaci</strong></span> <span class='ocrx_word' id='word_1_41' title='bbox 289 1230 369 1293; x_wconf 89' lang='lat' dir='ltr'><strong>haud</strong></span> <span class='ocrx_word' id='word_1_42' title='bbox 392 1230 486 1310; x_wconf 82' lang='lat' dir='ltr'><strong>capit:</strong></span> <span class='ocrx_word' id='word_1_43' title='bbox 509 1231 584 1294; x_wconf 86' lang='lat' dir='ltr'><strong>haee</strong></span> <span class='ocrx_word' id='word_1_44' title='bbox 604 1230 709 1294; x_wconf 89' lang='lat' dir='ltr'><strong>labens</strong></span> <span class='ocrx_word' id='word_1_45' title='bbox 730 1251 785 1312; x_wconf 79' lang='lat' dir='ltr'><strong>ner</strong></span> <span class='ocrx_word' id='word_1_46' title='bbox 800 1251 916 1312; x_wconf 88' lang='lat' dir='ltr'><strong>-pasoua</strong></span> <span class='ocrx_word' id='word_1_47' title='bbox 937 1234 1026 1308; x_wconf 84' lang='lat' dir='ltr'><strong>iaetu,</strong></span> 
     </span>
     <span class='ocr_line' id='line_1_8' title="bbox 115 1339 890 1420; baseline 0.005 -20"><span class='ocrx_word' id='word_1_48' title='bbox 115 1349 144 1401; x_wconf 74' lang='lat'><strong>75</strong></span> <span class='ocrx_word' id='word_1_49' title='bbox 159 1341 286 1404; x_wconf 83' lang='lat' dir='ltr'><strong>Nomine</strong></span> <span class='ocrx_word' id='word_1_50' title='bbox 306 1339 418 1402; x_wconf 84' lang='lat' dir='ltr'><strong>Benaci</strong></span> <span class='ocrx_word' id='word_1_51' title='bbox 440 1340 559 1420; x_wconf 86' lang='lat' dir='ltr'><strong>posito,</strong></span> <span class='ocrx_word' id='word_1_52' title='bbox 581 1341 616 1402; x_wconf 86' lang='lat' dir='ltr'><strong>iit</strong></span> <span class='ocrx_word' id='word_1_53' title='bbox 635 1339 762 1404; x_wconf 79' lang='lat' dir='ltr'><strong>Mincius</strong></span> <span class='ocrx_word' id='word_1_54' title='bbox 784 1342 890 1416; x_wconf 88' lang='lat' dir='ltr'><strong>amnis,</strong></span> 
     </span>
     <span class='ocr_line' id='line_1_9' title="bbox 159 1449 901 1532; baseline 0 -18"><span class='ocrx_word' id='word_1_55' title='bbox 159 1453 261 1514; x_wconf 82' lang='lat' dir='ltr'><strong>Donec</strong></span> <span class='ocrx_word' id='word_1_56' title='bbox 282 1451 480 1512; x_wconf 75' lang='lat' dir='ltr'><strong>Aoroveutum</strong></span> <span class='ocrx_word' id='word_1_57' title='bbox 502 1449 645 1512; x_wconf 83' lang='lat' dir='ltr'><strong>delabens</strong></span> <span class='ocrx_word' id='word_1_58' title='bbox 667 1450 751 1513; x_wconf 80' lang='lat' dir='ltr'><strong>exilit</strong></span> <span class='ocrx_word' id='word_1_59' title='bbox 771 1452 901 1532; x_wconf 89' lang='lat' dir='ltr'><strong>amplum</strong></span> 
     </span>
     <span class='ocr_line' id='line_1_10' title="bbox 158 1558 973 1639; baseline 0.002 -17"><span class='ocrx_word' id='word_1_60' title='bbox 158 1559 281 1622; x_wconf 84' lang='lat' dir='ltr'><strong>Eridani</strong></span> <span class='ocrx_word' id='word_1_61' title='bbox 304 1559 335 1621; x_wconf 94' lang='lat' dir='ltr'><strong>in</strong></span> <span class='ocrx_word' id='word_1_62' title='bbox 357 1559 513 1638; x_wconf 73' lang='lat' dir='ltr'><strong>gremium.</strong></span> <span class='ocrx_word' id='word_1_63' title='bbox 557 1558 654 1639; x_wconf 84' lang='lat' dir='ltr'><strong>Spatii</strong></span> <span class='ocrx_word' id='word_1_64' title='bbox 675 1579 732 1624; x_wconf 88' lang='lat' dir='ltr'><strong>nee</strong></span> <span class='ocrx_word' id='word_1_65' title='bbox 754 1561 880 1624; x_wconf 79' lang='lat' dir='ltr'><strong>coniicit·</strong></span> <span class='ocrx_word' id='word_1_66' title='bbox 894 1562 973 1624; x_wconf 85' lang='lat' dir='ltr'><strong>unda</strong></span> 
     </span>
     <span class='ocr_line' id='line_1_11' title="bbox 158 1669 1039 1751; baseline 0.003 -19"><span class='ocrx_word' id='word_1_67' title='bbox 158 1671 309 1748; x_wconf 81' lang='lat' dir='ltr'><strong>Longum,</strong></span> <span class='ocrx_word' id='word_1_68' title='bbox 331 1687 400 1732; x_wconf 87' lang='lat' dir='ltr'><strong>nam</strong></span> <span class='ocrx_word' id='word_1_69' title='bbox 421 1670 528 1732; x_wconf 86' lang='lat' dir='ltr'><strong>lamam</strong></span> <span class='ocrx_word' id='word_1_70' title='bbox 550 1669 724 1744; x_wconf 73' lang='lat' dir='ltr'><strong>offendens,</strong></span> <span class='ocrx_word' id='word_1_71' title='bbox 747 1670 893 1751; x_wconf 85' lang='lat' dir='ltr'><strong>spatiatur</strong></span> <span class='ocrx_word' id='word_1_72' title='bbox 913 1671 945 1733; x_wconf 92' lang='lat' dir='ltr'><strong>in</strong></span> <span class='ocrx_word' id='word_1_73' title='bbox 967 1671 1039 1749; x_wconf 79' lang='lat' dir='ltr'><strong>ista3</strong></span> 
     </span>
     <span class='ocr_line' id='line_1_12' title="bbox 158 1777 974 1863; baseline 0.005 -22"><span class='ocrx_word' id='word_1_74' title='bbox 158 1779 231 1842; x_wconf 85' lang='lat' dir='ltr'><strong>inde</strong></span> <span class='ocrx_word' id='word_1_75' title='bbox 253 1778 340 1860; x_wconf 81' lang='lat' dir='ltr'><strong>palus</strong></span> <span class='ocrx_word' id='word_1_76' title='bbox 362 1779 470 1852; x_wconf 91' lang='lat' dir='ltr'><strong>oritur,</strong></span> <span class='ocrx_word' id='word_1_77' title='bbox 493 1797 570 1858; x_wconf 85' lang='lat' dir='ltr'><strong>quae</strong></span> <span class='ocrx_word' id='word_1_78' title='bbox 592 1777 705 1842; x_wconf 84' lang='lat' dir='ltr'><strong>aestivo</strong></span> <span class='ocrx_word' id='word_1_79' title='bbox 727 1787 861 1860; x_wconf 87' lang='lat' dir='ltr'><strong>tempore</strong></span> <span class='ocrx_word' id='word_1_80' title='bbox 881 1799 974 1863; x_wconf 83' lang='lat' dir='ltr'><strong>saepe</strong></span> 
     </span>
     <span class='ocr_line' id='line_1_13' title="bbox 113 1884 1054 1973; baseline 0.004 -22"><span class='ocrx_word' id='word_1_81' title='bbox 113 1884 144 1938; x_wconf 76' lang='lat'><strong>⁸⁰</strong></span> <span class='ocrx_word' id='word_1_82' title='bbox 158 1889 272 1951; x_wconf 72' lang='lat' dir='ltr'><strong>obierit.</strong></span> <span class='ocrx_word' id='word_1_83' title='bbox 316 1887 393 1952; x_wconf 80' lang='lat' dir='ltr'><strong>Hinc</strong></span> <span class='ocrx_word' id='word_1_84' title='bbox 413 1886 466 1950; x_wconf 85' lang='lat' dir='ltr'><strong>ubi</strong></span> <span class='ocrx_word' id='word_1_85' title='bbox 486 1897 673 1968; x_wconf 76' lang='lat' dir='ltr'><strong>transgressa</strong></span> <span class='ocrx_word' id='word_1_86' title='bbox 696 1897 741 1952; x_wconf 90' lang='lat' dir='ltr'><strong>est</strong></span> <span class='ocrx_word' id='word_1_87' title='bbox 763 1889 813 1952; x_wconf 87' lang='lat' dir='ltr'><strong>illa</strong></span> <span class='ocrx_word' id='word_1_88' title='bbox 835 1909 942 1970; x_wconf 82' lang='lat' dir='ltr'><strong>aspera</strong></span> <span class='ocrx_word' id='word_1_89' title='bbox 963 1893 1054 1973; x_wconf 75' lang='lat' dir='ltr'><strong>virgo,</strong></span> 
     </span>
     <span class='ocr_line' id='line_1_14' title="bbox 156 1996 984 2081; baseline 0.006 -21"><span class='ocrx_word' id='word_1_90' title='bbox 156 1999 253 2078; x_wconf 74' lang='lat' dir='ltr'><strong>Atque</strong></span> <span class='ocrx_word' id='word_1_91' title='bbox 276 1996 371 2058; x_wconf 84' lang='lat' dir='ltr'><strong>oeulis</strong></span> <span class='ocrx_word' id='word_1_92' title='bbox 392 1996 473 2060; x_wconf 90' lang='lat' dir='ltr'><strong>inter</strong></span> <span class='ocrx_word' id='word_1_93' title='bbox 492 1998 595 2062; x_wconf 89' lang='lat' dir='ltr'><strong>limum</strong></span> <span class='ocrx_word' id='word_1_94' title='bbox 617 1999 749 2080; x_wconf 79' lang='lat' dir='ltr'><strong>turdique</strong></span> <span class='ocrx_word' id='word_1_95' title='bbox 772 1999 984 2081; x_wconf 72' lang='lat' dir='ltr'><strong>circumspexit</strong></span> 
     </span>
     <span class='ocr_line' id='line_1_15' title="bbox 158 2107 915 2190; baseline 0.003 -20"><span class='ocrx_word' id='word_1_96' title='bbox 158 2108 298 2170; x_wconf 83' lang='lat' dir='ltr'><strong>Culturao</strong></span> <span class='ocrx_word' id='word_1_97' title='bbox 318 2115 456 2187; x_wconf 83' lang='lat' dir='ltr'><strong>expertes</strong></span> <span class='ocrx_word' id='word_1_98' title='bbox 478 2125 581 2186; x_wconf 76' lang='lat' dir='ltr'><strong>agros,</strong></span> <span class='ocrx_word' id='word_1_99' title='bbox 603 2107 759 2190; x_wconf 79' lang='lat' dir='ltr'><strong>nudosque</strong></span> <span class='ocrx_word' id='word_1_100' title='bbox 782 2109 915 2188; x_wconf 76' lang='lat' dir='ltr'><strong>oolonis3</strong></span> 
     </span>
     <span class='ocr_line' id='line_1_16' title="bbox 157 2217 936 2296; baseline 0.003 -16"><span class='ocrx_word' id='word_1_101' title='bbox 157 2218 195 2280; x_wconf 92' lang='lat' dir='ltr'><strong>Ut</strong></span> <span class='ocrx_word' id='word_1_102' title='bbox 217 2225 325 2280; x_wconf 80' lang='lat' dir='ltr'><strong>annoto</strong></span> <span class='ocrx_word' id='word_1_103' title='bbox 345 2217 491 2278; x_wconf 86' lang='lat' dir='ltr'><strong>humanae</strong></span> <span class='ocrx_word' id='word_1_104' title='bbox 513 2218 629 2296; x_wconf 63' lang='grc' dir='ltr'><strong>[υμνοι</strong></span> <span class='ocrx_word' id='word_1_105' title='bbox 649 2219 827 2282; x_wconf 87' lang='lat' dir='ltr'><strong>oommeroia</strong></span> <span class='ocrx_word' id='word_1_106' title='bbox 849 2220 936 2294; x_wconf 79' lang='lat' dir='ltr'><strong>vitae,</strong></span> 
     </span>
     <span class='ocr_line' id='line_1_17' title="bbox 157 2327 857 2403; baseline 0.004 -14"><span class='ocrx_word' id='word_1_107' title='bbox 157 2327 223 2390; x_wconf 84' lang='lat' dir='ltr'><strong>lliie</strong></span> <span class='ocrx_word' id='word_1_108' title='bbox 246 2345 313 2388; x_wconf 86' lang='lat' dir='ltr'><strong>oum</strong></span> <span class='ocrx_word' id='word_1_109' title='bbox 335 2335 431 2388; x_wconf 87' lang='lat' dir='ltr'><strong>turma</strong></span> <span class='ocrx_word' id='word_1_110' title='bbox 453 2345 606 2390; x_wconf 77' lang='lat' dir='ltr'><strong>servorum</strong></span> <span class='ocrx_word' id='word_1_111' title='bbox 627 2328 753 2403; x_wconf 77' lang='lat' dir='ltr'><strong>restitit,</strong></span> <span class='ocrx_word' id='word_1_112' title='bbox 776 2338 857 2392; x_wconf 85' lang='lat' dir='ltr'><strong>artae</strong></span> 
     </span>
     <span class='ocr_line' id='line_1_18' title="bbox 112 2436 890 2519; baseline 0.006 -24"><span class='ocrx_word' id='word_1_113' title='bbox 112 2441 143 2495; x_wconf 71' lang='lat'><strong>85</strong></span> <span class='ocrx_word' id='word_1_114' title='bbox 158 2438 334 2500; x_wconf 72' lang='lat' dir='ltr'><strong>Tractatum</strong></span> <span class='ocrx_word' id='word_1_115' title='bbox 356 2455 445 2509; x_wconf 83' lang='lat' dir='ltr'><strong>suas,</strong></span> <span class='ocrx_word' id='word_1_116' title='bbox 467 2436 598 2517; x_wconf 78' lang='lat' dir='ltr'><strong>vixitque</strong></span> <span class='ocrx_word' id='word_1_117' title='bbox 619 2446 651 2501; x_wconf 87' lang='lat' dir='ltr'><strong>et</strong></span> <span class='ocrx_word' id='word_1_118' title='bbox 671 2457 780 2519; x_wconf 88' lang='lat' dir='ltr'><strong>eorpus</strong></span> <span class='ocrx_word' id='word_1_119' title='bbox 801 2439 890 2502; x_wconf 89' lang='lat' dir='ltr'><strong>inane</strong></span> 
     </span>
     <span class='ocr_line' id='line_1_19' title="bbox 159 2545 1002 2629; baseline 0 -19"><span class='ocrx_word' id='word_1_120' title='bbox 159 2547 307 2610; x_wconf 82' lang='lat' dir='ltr'><strong>Desemit</strong></span> <span class='ocrx_word' id='word_1_121' title='bbox 351 2545 435 2608; x_wconf 84' lang='lat' dir='ltr'><strong>Tune</strong></span> <span class='ocrx_word' id='word_1_122' title='bbox 458 2546 542 2610; x_wconf 87' lang='lat' dir='ltr'><strong>turba</strong></span> <span class='ocrx_word' id='word_1_123' title='bbox 563 2547 659 2610; x_wconf 87' lang='lat' dir='ltr'><strong>virum</strong></span> <span class='ocrx_word' id='word_1_124' title='bbox 680 2548 817 2628; x_wconf 86' lang='lat' dir='ltr'><strong>dispersa</strong></span> <span class='ocrx_word' id='word_1_125' title='bbox 838 2567 894 2629; x_wconf 83' lang='lat' dir='ltr'><strong>por.</strong></span> <span class='ocrx_word' id='word_1_126' title='bbox 914 2565 1002 2628; x_wconf 76' lang='lat' dir='ltr'><strong>agros</strong></span> 
     </span>
     <span class='ocr_line' id='line_1_20' title="bbox 160 2656 948 2736; baseline 0.004 -17"><span class='ocrx_word' id='word_1_127' title='bbox 160 2657 348 2730; x_wconf 72' lang='lat' dir='ltr'><strong>Convenere,</strong></span> <span class='ocrx_word' id='word_1_128' title='bbox 370 2656 528 2736; x_wconf 84' lang='lat' dir='ltr'><strong>locumque</strong></span> <span class='ocrx_word' id='word_1_129' title='bbox 549 2658 612 2722; x_wconf 82' lang='lat' dir='ltr'><strong>fimi</strong></span> <span class='ocrx_word' id='word_1_130' title='bbox 633 2657 798 2720; x_wconf 87' lang='lat' dir='ltr'><strong>munimina</strong></span> <span class='ocrx_word' id='word_1_131' title='bbox 818 2658 948 2722; x_wconf 85' lang='lat' dir='ltr'><strong>oinotum</strong></span> 
     </span>
     <span class='ocr_line' id='line_1_21' title="bbox 55 2757 1554 2909; baseline 0.004 -82"><span class='ocrx_word' id='word_1_132' title='bbox 55 2760 59 2909; x_wconf 66' lang='grc' dir='ltr'>ί</span> <span class='ocrx_word' id='word_1_133' title='bbox 159 2766 299 2846; x_wconf 80' lang='lat' dir='ltr'><strong>Elegere,</strong></span> <span class='ocrx_word' id='word_1_134' title='bbox 322 2765 485 2847; x_wconf 80' lang='lat' dir='ltr'><strong>urbemque</strong></span> <span class='ocrx_word' id='word_1_135' title='bbox 506 2766 555 2830; x_wconf 86' lang='lat' dir='ltr'><strong>his</strong></span> <span class='ocrx_word' id='word_1_136' title='bbox 576 2767 696 2830; x_wconf 86' lang='lat' dir='ltr'><strong>ossibus</strong></span> <span class='ocrx_word' id='word_1_137' title='bbox 717 2767 940 2848; x_wconf 84' lang='lat' dir='ltr'><strong>impendentem</strong></span> <span class='ocrx_word' id='word_1_138' title='bbox 1553 2757 1554 2770; x_wconf 44' lang='lat'>¹</span> 
     </span>
     <span class='ocr_line' id='line_1_22' title="bbox 55 2875 971 2953; baseline 0.008 -20"><span class='ocrx_word' id='word_1_139' title='bbox 55 2914 58 2933; x_wconf 88' lang='lat'><em>.</em></span> <span class='ocrx_word' id='word_1_140' title='bbox 160 2879 359 2939; x_wconf 80' lang='lat' dir='ltr'><strong>Constrruere</strong></span> <span class='ocrx_word' id='word_1_141' title='bbox 381 2895 485 2950; x_wconf 91' lang='lat' dir='ltr'><strong>manu,</strong></span> <span class='ocrx_word' id='word_1_142' title='bbox 509 2875 557 2939; x_wconf 90' lang='lat' dir='ltr'><strong>oui</strong></span> <span class='ocrx_word' id='word_1_143' title='bbox 577 2877 700 2944; x_wconf 73' lang='lat' dir='ltr'><strong>Hirrus</strong></span> <span class='ocrx_word' id='word_1_144' title='bbox 721 2897 830 2940; x_wconf 89' lang='lat' dir='ltr'><strong>nomen</strong></span> <span class='ocrx_word' id='word_1_145' title='bbox 852 2878 890 2940; x_wconf 85' lang='lat' dir='ltr'><strong>ab</strong></span> <span class='ocrx_word' id='word_1_146' title='bbox 911 2877 971 2953; x_wconf 86' lang='lat' dir='ltr'><strong>illa,</strong></span> 
     </span>
     <span class='ocr_line' id='line_1_23' title="bbox 55 2940 1041 3075; baseline 0.004 -29"><span class='ocrx_word' id='word_1_147' title='bbox 55 2940 58 3075; x_wconf 57' lang='grc' dir='ltr'>ἔ</span> <span class='ocrx_word' id='word_1_148' title='bbox 113 2995 145 3046; x_wconf 84' lang='lat' dir='ltr'><strong>tu</strong></span> <span class='ocrx_word' id='word_1_149' title='bbox 160 2985 245 3058; x_wconf 81' lang='lat' dir='ltr'><strong>Quae</strong></span> <span class='ocrx_word' id='word_1_150' title='bbox 268 2993 330 3048; x_wconf 82' lang='lat' dir='ltr'><strong>trun</strong></span> <span class='ocrx_word' id='word_1_151' title='bbox 350 2985 448 3066; x_wconf 80' lang='lat' dir='ltr'><strong>prima</strong></span> <span class='ocrx_word' id='word_1_152' title='bbox 469 2987 568 3048; x_wconf 87' lang='lat' dir='ltr'><strong>looum</strong></span> <span class='ocrx_word' id='word_1_153' title='bbox 589 2986 676 3066; x_wconf 77' lang='lat' dir='ltr'><strong>legit,</strong></span> <span class='ocrx_word' id='word_1_154' title='bbox 698 2988 764 3050; x_wconf 92' lang='lat' dir='ltr'><strong>sine</strong></span> <span class='ocrx_word' id='word_1_155' title='bbox 786 2998 868 3050; x_wconf 84' lang='lat' dir='ltr'><strong>sorte</strong></span> <span class='ocrx_word' id='word_1_156' title='bbox 889 2987 1041 3052; x_wconf 78' lang='lat' dir='ltr'><strong>remansit</strong></span> 
     </span>
     <span class='ocr_line' id='line_1_24' title="bbox 54 3078 866 3178; baseline 0.002 -22"><span class='ocrx_word' id='word_1_157' title='bbox 54 3078 58 3157; x_wconf 79' lang='lat' dir='ltr'><strong>i</strong></span> <span class='ocrx_word' id='word_1_158' title='bbox 160 3095 243 3157; x_wconf 85' lang='lat' dir='ltr'><strong>Hane</strong></span> <span class='ocrx_word' id='word_1_159' title='bbox 265 3094 338 3156; x_wconf 88' lang='lat' dir='ltr'><strong>oiim</strong></span> <span class='ocrx_word' id='word_1_160' title='bbox 357 3095 455 3176; x_wconf 85' lang='lat' dir='ltr'><strong>major</strong></span> <span class='ocrx_word' id='word_1_161' title='bbox 475 3095 647 3160; x_wconf 83' lang='lat' dir='ltr'><strong>celebrabat</strong></span> <span class='ocrx_word' id='word_1_162' title='bbox 667 3097 755 3178; x_wconf 84' lang='lat' dir='ltr'><strong>eopia</strong></span> <span class='ocrx_word' id='word_1_163' title='bbox 777 3097 866 3176; x_wconf 74' lang='lat' dir='ltr'><strong>vulgi,</strong></span> 
     </span>
     <span class='ocr_line' id='line_1_25' title="bbox 54 3172 1003 3359; baseline 0.005 -94"><span class='ocrx_word' id='word_1_164' title='bbox 54 3172 57 3359; x_wconf 79' lang='grc' dir='ltr'>Ι</span> <span class='ocrx_word' id='word_1_165' title='bbox 159 3205 234 3268; x_wconf 74' lang='lat' dir='ltr'><strong>Ante</strong></span> <span class='ocrx_word' id='word_1_166' title='bbox 256 3205 347 3268; x_wconf 90' lang='lat' dir='ltr'><strong>nimis</strong></span> <span class='ocrx_word' id='word_1_167' title='bbox 368 3205 478 3271; x_wconf 82' lang='lat' dir='ltr'><strong>stolido</strong></span> <span class='ocrx_word' id='word_1_168' title='bbox 501 3225 590 3287; x_wconf 83' lang='lat' dir='ltr'><strong>quam</strong></span> <span class='ocrx_word' id='word_1_169' title='bbox 611 3205 737 3270; x_wconf 83' lang='lat' dir='ltr'><strong>subdola</strong></span> <span class='ocrx_word' id='word_1_170' title='bbox 758 3207 846 3270; x_wconf 70' lang='lat' dir='ltr'><strong>verna</strong></span> <span class='ocrx_word' id='word_1_171' title='bbox 868 3206 1003 3270; x_wconf 84' lang='lat' dir='ltr'><strong>dedisset</strong></span> 
     </span>
     <span class='ocr_line' id='line_1_26' title="bbox 159 3315 989 3397; baseline 0.002 -21"><span class='ocrx_word' id='word_1_172' title='bbox 159 3315 308 3376; x_wconf 70' lang='lat' dir='ltr'><strong>luonsnsr</strong></span> <span class='ocrx_word' id='word_1_173' title='bbox 329 3315 471 3378; x_wconf 73' lang='lat' dir='ltr'><strong>Atarneo</strong></span> <span class='ocrx_word' id='word_1_174' title='bbox 493 3316 668 3390; x_wconf 68' lang='lat' dir='ltr'><strong>Prionoton,</strong></span> <span class='ocrx_word' id='word_1_175' title='bbox 691 3335 783 3396; x_wconf 87' lang='lat' dir='ltr'><strong>quare</strong></span> <span class='ocrx_word' id='word_1_176' title='bbox 806 3335 860 3397; x_wconf 80' lang='lat' dir='ltr'><strong>ego</strong></span> <span class='ocrx_word' id='word_1_177' title='bbox 882 3317 989 3380; x_wconf 80' lang='lat' dir='ltr'><strong>vetlem</strong></span> 
     </span>
     <span class='ocr_line' id='line_1_27' title="bbox 158 3423 1009 3508; baseline 0.002 -22"><span class='ocrx_word' id='word_1_178' title='bbox 158 3423 223 3488; x_wconf 84' lang='lat' dir='ltr'><strong>iioo</strong></span> <span class='ocrx_word' id='word_1_179' title='bbox 246 3433 274 3486; x_wconf 89' lang='lat' dir='ltr'><strong>te</strong></span> <span class='ocrx_word' id='word_1_180' title='bbox 296 3424 528 3505; x_wconf 83' lang='lat' dir='ltr'><strong>praemonitum,</strong></span> <span class='ocrx_word' id='word_1_181' title='bbox 552 3445 605 3500; x_wconf 89' lang='lat' dir='ltr'><strong>ne,</strong></span> <span class='ocrx_word' id='word_1_182' title='bbox 627 3426 655 3488; x_wconf 83' lang='lat' dir='ltr'><strong>ai</strong></span> <span class='ocrx_word' id='word_1_183' title='bbox 677 3426 745 3506; x_wconf 86' lang='lat' dir='ltr'><strong>quis</strong></span> <span class='ocrx_word' id='word_1_184' title='bbox 768 3428 845 3490; x_wconf 84' lang='lat' dir='ltr'><strong>iorte</strong></span> <span class='ocrx_word' id='word_1_185' title='bbox 867 3435 1009 3508; x_wconf 85' lang='lat' dir='ltr'><strong>paternae</strong></span> 
     </span>
     <span class='ocr_line' id='line_1_28' title="bbox 112 3452 1278 3620; baseline 0.009 -27"><span class='ocrx_word' id='word_1_186' title='bbox 112 3539 143 3593; x_wconf 76' lang='lat' dir='ltr'><strong>to</strong></span> <span class='ocrx_word' id='word_1_187' title='bbox 159 3533 313 3596; x_wconf 80' lang='lat' dir='ltr'><strong>Diversum</strong></span> <span class='ocrx_word' id='word_1_188' title='bbox 337 3551 431 3613; x_wconf 77' lang='lat' dir='ltr'><strong>genus</strong></span> <span class='ocrx_word' id='word_1_189' title='bbox 452 3553 520 3598; x_wconf 90' lang='lat' dir='ltr'><strong>esse</strong></span> <span class='ocrx_word' id='word_1_190' title='bbox 541 3535 624 3598; x_wconf 90' lang='lat' dir='ltr'><strong>urbis</strong></span> <span class='ocrx_word' id='word_1_191' title='bbox 646 3537 843 3616; x_wconf 75' lang='lat' dir='ltr'><strong>confingeret,</strong></span> <span class='ocrx_word' id='word_1_192' title='bbox 866 3537 958 3602; x_wconf 82' lang='lat' dir='ltr'><strong>utum</strong></span> <span class='ocrx_word' id='word_1_193' title='bbox 1275 3452 1278 3620; x_wconf 71' lang='lat' dir='ltr'><strong>i</strong></span> 
     </span>
     <span class='ocr_line' id='line_1_29' title="bbox 159 3644 935 3726; baseline 0.003 -20"><span class='ocrx_word' id='word_1_194' title='bbox 159 3644 367 3708; x_wconf 86' lang='lat' dir='ltr'><strong>Commentum</strong></span> <span class='ocrx_word' id='word_1_195' title='bbox 388 3645 506 3708; x_wconf 81' lang='lat' dir='ltr'><strong>fraudet</strong></span> <span class='ocrx_word' id='word_1_196' title='bbox 527 3663 602 3726; x_wconf 84' lang='lat' dir='ltr'><strong>quae</strong></span> <span class='ocrx_word' id='word_1_197' title='bbox 623 3665 692 3708; x_wconf 80' lang='lat' dir='ltr'><strong>vere</strong></span> <span class='ocrx_word' id='word_1_198' title='bbox 714 3647 793 3710; x_wconf 89' lang='lat' dir='ltr'><strong>diota</strong></span> <span class='ocrx_word' id='word_1_199' title='bbox 815 3647 935 3710; x_wconf 88' lang='lat' dir='ltr'><strong>notasti.</strong></span> 
     </span>
     <span class='ocr_line' id='line_1_30' title="bbox 200 3754 1020 3836; baseline 0.006 -21"><span class='ocrx_word' id='word_1_200' title='bbox 200 3754 287 3816; x_wconf 81' lang='lat' dir='ltr'><strong>Tune</strong></span> <span class='ocrx_word' id='word_1_201' title='bbox 309 3772 379 3834; x_wconf 79' lang='lat' dir='ltr'><strong>ego:</strong></span> <span class='ocrx_word' id='word_1_202' title='bbox 402 3755 597 3836; x_wconf 77' lang='lat' dir='ltr'><strong>Praeceptor,</strong></span> <span class='ocrx_word' id='word_1_203' title='bbox 621 3755 696 3830; x_wconf 84' lang='lat' dir='ltr'><strong>dixi,</strong></span> <span class='ocrx_word' id='word_1_204' title='bbox 719 3756 765 3818; x_wconf 87' lang='lat' dir='ltr'><strong>sio</strong></span> <span class='ocrx_word' id='word_1_205' title='bbox 786 3765 867 3820; x_wconf 84' lang='lat' dir='ltr'><strong>certa</strong></span> <span class='ocrx_word' id='word_1_206' title='bbox 888 3757 1020 3820; x_wconf 85' lang='lat' dir='ltr'><strong>loentum</strong></span> 
     </span>
     <span class='ocr_line' id='line_1_31' title="bbox 160 3863 973 3948; baseline 0.012 -24"><span class='ocrx_word' id='word_1_207' title='bbox 160 3863 309 3936; x_wconf 79' lang='lat' dir='ltr'><strong>Teneor,</strong></span> <span class='ocrx_word' id='word_1_208' title='bbox 332 3871 421 3944; x_wconf 82' lang='lat' dir='ltr'><strong>atque</strong></span> <span class='ocrx_word' id='word_1_209' title='bbox 444 3864 502 3928; x_wconf 84' lang='lat' dir='ltr'><strong>tide</strong></span> <span class='ocrx_word' id='word_1_210' title='bbox 525 3865 571 3928; x_wconf 88' lang='lat' dir='ltr'><strong>sio</strong></span> <span class='ocrx_word' id='word_1_211' title='bbox 591 3884 640 3928; x_wconf 89' lang='lat' dir='ltr'><strong>res</strong></span> <span class='ocrx_word' id='word_1_212' title='bbox 662 3874 780 3931; x_wconf 86' lang='lat' dir='ltr'><strong>narrata</strong></span> <span class='ocrx_word' id='word_1_213' title='bbox 802 3867 973 3948; x_wconf 76' lang='lat' dir='ltr'><strong>portuosa</strong></span> 
     </span>
     <span class='ocr_line' id='line_1_32' title="bbox 52 3942 929 4067; baseline 0.006 -34"><span class='ocrx_word' id='word_1_214' title='bbox 52 3942 56 4067; x_wconf 60' lang='grc' dir='ltr'>Ι</span> <span class='ocrx_word' id='word_1_215' title='bbox 159 3972 198 4034; x_wconf 89' lang='lat' dir='ltr'><strong>Ut</strong></span> <span class='ocrx_word' id='word_1_216' title='bbox 217 3973 292 4034; x_wconf 90' lang='lat' dir='ltr'><strong>mihi</strong></span> <span class='ocrx_word' id='word_1_217' title='bbox 312 3973 474 4038; x_wconf 72' lang='lat' dir='ltr'><strong>restinctae</strong></span> <span class='ocrx_word' id='word_1_218' title='bbox 496 3976 575 4038; x_wconf 82' lang='lat' dir='ltr'><strong>toret</strong></span> <span class='ocrx_word' id='word_1_219' title='bbox 594 3975 687 4040; x_wconf 90' lang='lat' dir='ltr'><strong>altera</strong></span> <span class='ocrx_word' id='word_1_220' title='bbox 709 3977 807 4040; x_wconf 75' lang='lat' dir='ltr'><strong>fahuh</strong></span> <span class='ocrx_word' id='word_1_221' title='bbox 829 3977 929 4040; x_wconf 89' lang='lat' dir='ltr'><strong>torris.</strong></span> 
     </span>
    </p>
   </div>
   <div class='ocr_carea' id='block_1_3' title="bbox 51 4083 1277 4630">
    <p class='ocr_par' dir='ltr' id='par_1_3' title="bbox 51 4083 1277 4630">
     <span class='ocr_line' id='line_1_33' title="bbox 52 4083 988 4166; baseline 0.009 -24"><span class='ocrx_word' id='word_1_222' title='bbox 52 4084 55 4159; x_wconf 76' lang='lat' dir='ltr'><strong>t</strong></span> <span class='ocrx_word' id='word_1_223' title='bbox 99 4093 144 4144; x_wconf 87' lang='lat' dir='ltr'><strong>too</strong></span> <span class='ocrx_word' id='word_1_224' title='bbox 158 4083 197 4144; x_wconf 79' lang='lat' dir='ltr'><strong>At</strong></span> <span class='ocrx_word' id='word_1_225' title='bbox 219 4101 295 4162; x_wconf 86' lang='lat' dir='ltr'><strong>quae</strong></span> <span class='ocrx_word' id='word_1_226' title='bbox 315 4084 496 4163; x_wconf 77' lang='lat' dir='ltr'><strong>procedunt,</strong></span> <span class='ocrx_word' id='word_1_227' title='bbox 520 4085 594 4150; x_wconf 88' lang='lat' dir='ltr'><strong>mihi</strong></span> <span class='ocrx_word' id='word_1_228' title='bbox 616 4103 703 4152; x_wconf 86' lang='lat' dir='ltr'><strong>narra</strong></span> <span class='ocrx_word' id='word_1_229' title='bbox 726 4086 861 4152; x_wconf 84' lang='lat' dir='ltr'><strong>examina</strong></span> <span class='ocrx_word' id='word_1_230' title='bbox 883 4087 988 4166; x_wconf 78' lang='lat' dir='ltr'><strong>gentis,</strong></span> 
     </span>
     <span class='ocr_line' id='line_1_34' title="bbox 52 4191 947 4276; baseline 0.006 -23"><span class='ocrx_word' id='word_1_231' title='bbox 52 4202 55 4227; x_wconf 86' lang='lat'><strong>¹</strong></span> <span class='ocrx_word' id='word_1_232' title='bbox 160 4191 193 4254; x_wconf 91' lang='lat' dir='ltr'><strong>Si</strong></span> <span class='ocrx_word' id='word_1_233' title='bbox 215 4211 272 4272; x_wconf 81' lang='lat' dir='ltr'><strong>qua</strong></span> <span class='ocrx_word' id='word_1_234' title='bbox 294 4193 349 4256; x_wconf 86' lang='lat' dir='ltr'><strong>tibi</strong></span> <span class='ocrx_word' id='word_1_235' title='bbox 372 4203 440 4258; x_wconf 85' lang='lat' dir='ltr'><strong>ante</strong></span> <span class='ocrx_word' id='word_1_236' title='bbox 461 4196 566 4258; x_wconf 86' lang='lat' dir='ltr'><strong>ooulos</strong></span> <span class='ocrx_word' id='word_1_237' title='bbox 587 4195 719 4259; x_wconf 87' lang='lat' dir='ltr'><strong>ooourrit</strong></span> <span class='ocrx_word' id='word_1_238' title='bbox 738 4197 826 4276; x_wconf 76' lang='lat' dir='ltr'><strong>digna</strong></span> <span class='ocrx_word' id='word_1_239' title='bbox 849 4197 947 4261; x_wconf 84' lang='lat' dir='ltr'><strong>notari</strong></span> 
     </span>
     <span class='ocr_line' id='line_1_35' title="bbox 51 4123 1277 4630; baseline 0.006 -268"><span class='ocrx_word' id='word_1_240' title='bbox 51 4252 55 4403; x_wconf 67' lang='lat'><strong>⁴</strong></span> <span class='ocrx_word' id='word_1_241' title='bbox 159 4301 282 4376; x_wconf 85' lang='lat' dir='ltr'><strong>Umbra,</strong></span> <span class='ocrx_word' id='word_1_242' title='bbox 305 4303 336 4364; x_wconf 88' lang='lat' dir='ltr'><strong>id</strong></span> <span class='ocrx_word' id='word_1_243' title='bbox 358 4323 487 4385; x_wconf 83' lang='lat' dir='ltr'><strong>namque</strong></span> <span class='ocrx_word' id='word_1_244' title='bbox 506 4323 599 4370; x_wconf 90' lang='lat' dir='ltr'><strong>unum</strong></span> <span class='ocrx_word' id='word_1_245' title='bbox 620 4314 724 4368; x_wconf 89' lang='lat' dir='ltr'><strong>nostra</strong></span> <span class='ocrx_word' id='word_1_246' title='bbox 745 4313 806 4369; x_wconf 78' lang='lat' dir='ltr'><strong>stat</strong></span> <span class='ocrx_word' id='word_1_247' title='bbox 826 4317 925 4370; x_wconf 90' lang='lat' dir='ltr'><strong>mente</strong></span> <span class='ocrx_word' id='word_1_248' title='bbox 946 4123 1277 4630; x_wconf 39' lang='lat' dir='ltr'><strong>repnsion]</strong></span> 
     </span>
    </p>
   </div>
   <div class='ocr_carea' id='block_1_4' title="bbox 50 4411 1090 4589">
    <p class='ocr_par' dir='ltr' id='par_1_4' title="bbox 50 4411 1090 4589">
     <span class='ocr_line' id='line_1_36' title="bbox 50 4411 1090 4589; baseline 0.006 -117"><span class='ocrx_word' id='word_1_249' title='bbox 50 4412 55 4589; x_wconf 74' lang='grc' dir='ltr'>Ι</span> <span class='ocrx_word' id='word_1_250' title='bbox 201 4411 276 4477; x_wconf 82' lang='lat' dir='ltr'><strong>Tum</strong></span> <span class='ocrx_word' id='word_1_251' title='bbox 298 4413 372 4475; x_wconf 86' lang='lat' dir='ltr'><strong>dux:</strong></span> <span class='ocrx_word' id='word_1_252' title='bbox 396 4413 466 4488; x_wconf 85' lang='lat' dir='ltr'><strong>tlte,</strong></span> <span class='ocrx_word' id='word_1_253' title='bbox 487 4413 589 4494; x_wconf 76' lang='lat' dir='ltr'><strong>genis,</strong></span> <span class='ocrx_word' id='word_1_254' title='bbox 611 4414 729 4496; x_wconf 88' lang='lat' dir='ltr'><strong>inquit,</strong></span> <span class='ocrx_word' id='word_1_255' title='bbox 752 4417 800 4480; x_wconf 87' lang='lat' dir='ltr'><strong>eui</strong></span> <span class='ocrx_word' id='word_1_256' title='bbox 822 4415 973 4497; x_wconf 86' lang='lat' dir='ltr'><strong>prominet</strong></span> <span class='ocrx_word' id='word_1_257' title='bbox 993 4415 1090 4478; x_wconf 84' lang='lat' dir='ltr'><strong>hirta.</strong></span> 
     </span>
    </p>
   </div>
   <div class='ocr_carea' id='block_1_5' title="bbox 0 0 1566 5170">
    <p class='ocr_par' dir='ltr' id='par_1_5' title="bbox 0 0 1566 5170">
     <span class='ocr_line' id='line_1_37' title="bbox 0 0 1566 5170; baseline 0 2"><span class='ocrx_word' id='word_1_258' title='bbox 0 0 1566 5170; x_wconf 95' lang='lat' dir='ltr'><strong> </strong></span> 
     </span>
    </p>
   </div>
  </div>
 </body>
</html>
