3142 5166
773 407 953 458 educarunt!
972 407 999 457 X.

381 623 443 686 Una
467 624 544 688 redit
566 625 669 698 iader,
693 626 762 706 quia
785 643 845 686 non
868 645 901 688 se
923 625 1045 688 verterit
1067 635 1145 706 apte,

379 735 465 798 Haud
488 736 585 799 aditus
607 744 699 817 petet.
743 735 797 797 Est
818 735 980 816 pretiosior
1001 755 1075 808 una,
1099 736 1152 798 sed
1175 755 1234 799 una

379 847 459 908 Artis
481 855 512 908 et
532 845 644 925 ingenii
666 846 734 926 plue
756 847 871 925 poscit,
895 846 994 908 clausa
1015 845 1190 926 priusquam

379 956 508 1028 Pandat,
532 963 564 1016 et
582 956 658 1016 haec
680 954 729 1016 ilia
752 967 814 1026 est,
838 973 914 1034 qnae
937 955 1047 1017 nodam
1069 955 1186 1018 scivere
1208 969 1315 1036 possit.

316 1072 403 1131 lwd
424 1065 527 1127 Paene
549 1065 603 1128 has
624 1065 733 1138 habui,
758 1065 809 1146 qui
831 1065 938 1144 inquit,
961 1085 993 1126 se
1015 1065 1119 1138 maile,
1143 1065 1271 1146 potitum

379 1175 449 1248 His,
470 1193 519 1237 me
541 1193 642 1237 errore
664 1175 753 1236 animi
775 1175 876 1254 potius
898 1193 1033 1236 reserare
1054 1185 1200 1254 paratum,

381 1285 475 1358 Quam
497 1284 613 1346 clausas
636 1283 759 1345 nimium
781 1293 951 1363 parcentem
976 1297 1097 1361 tangere
1120 1284 1226 1358 vairas,

378 1396 456 1457 Ante
476 1412 560 1454 meos
583 1393 653 1454 dum
675 1394 741 1456 iasa
761 1393 855 1472 pedes
877 1413 950 1472 gene
973 1403 1095 1474 pectora
1117 1393 1226 1475 puiset.

422 1501 535 1566 Deinde
559 1503 640 1565 iores
662 1513 765 1583 portae
788 1511 918 1566 sacratas
942 1503 1074 1584 impulit,
1098 1523 1171 1568 usus

315 1614 432 1680 restite
454 1612 569 1676 verbis:
592 1612 655 1674 Hac
676 1613 730 1686 ita,
754 1613 808 1675 sed
830 1613 904 1674 lrnee
926 1613 1069 1675 advertite
1092 1623 1201 1686 mente,

379 1725 456 1787 Hinc
477 1739 683 1801 egressurnm,
707 1741 796 1802 quem
818 1722 910 1784 terret
932 1723 1008 1785 sorte
1030 1724 1166 1788 roittntas

378 1834 549 1914 Respicere.
593 1833 630 1894 tte
651 1851 720 1894 vero
741 1840 776 1893 ut
797 1832 940 1894 distortae
962 1833 993 1894 in
1015 1833 1136 1896 cardine
1158 1835 1308 1914 utrimque

378 1942 528 2006 Robnetae
552 1943 672 2005 suerunt
692 1941 792 2003 calvae
814 1941 910 2002 sciidc
933 1961 1002 2004 aere
1025 1953 1177 2017 sonantes,

380 2054 472 2128 Queis
494 2069 579 2115 sacra
600 2053 732 2115 munitur
752 2052 874 2114 dumus:
898 2051 975 2114 itaud
998 2053 1038 2114 ita
1059 2053 1165 2132 mugiit
1186 2071 1265 2126 acre,

313 2175 362 2228 130
378 2163 440 2226 Nec
463 2173 521 2226 tam
543 2161 669 2242 Tarpeia
691 2162 857 2233 infremuit,
880 2162 987 2222 virtute
1009 2161 1118 2224 Metelli

378 2272 481 2334 Ablata
503 2270 637 2352 penitus,
661 2289 720 2350 quo
743 2271 907 2333 decedente
930 2272 1106 2334 manendam

378 2382 541 2445 Etnunctae
564 2381 628 2442 suit.
656 2413 692 2424 -
715 2379 759 2442 ad
782 2381 910 2460 primum
934 2399 966 2442 se
988 2387 1139 2444 arrexerat
1160 2381 1241 2443 auris

378 2491 519 2564 Centum,
543 2501 629 2569 teque
652 2489 747 2553 Deum
769 2484 945 2552 laudamus!
966 2508 1039 2552 cccc
1061 2489 1184 2552 ridebat·

378 2599 609 2680 Dulciscnisque
632 2601 727 2662 modis
749 2599 893 2680 permiste
915 2581 1025 2662 audire
1040 2609 1191 2674 canentes,

313 2719 360 2772 1³5
377 2711 494 2790 Parque
517 2718 580 2771 erat
601 2710 717 2773 amiitae
741 2717 846 2772 centus
869 2718 899 2770 et
919 2707 1001 2770 accis
1024 2709 1132 2788 imago,

378 2819 475 2893 Onam
497 2837 587 2899 saepe
610 2819 640 2879 in
664 2819 774 2898 templo
798 2819 985 2882 cantantibus
1008 2837 1117 2897 organa
1142 2819 1279 2888 reddunt

378 2929 461 3004 Quae
483 2928 573 2991 modo
595 2927 684 2990 verba
707 2928 809 2990 sinunt
831 2939 965 3011 captare,
987 2929 1077 2992 modo
1100 2929 1149 2992 illa
1172 2929 1347 2993 retundunt

886 3185 926 3266 Χ.

421 3363 457 3427 tt
478 3371 563 3444 porta
585 3364 691 3426 intrata
715 3371 777 3437 est,
800 3381 887 3443 quam
910 3363 1076 3425 animarum
1098 3381 1187 3443 prava
1210 3365 1322 3445 cnptdo

376 3473 477 3535 Edicit
498 3473 662 3546 insuetam,
686 3474 754 3552 qnia
778 3482 892 3536 rectum
915 3472 1015 3535 tortile
1037 3473 1130 3553 fingit,

377 3583 449 3644 Post
472 3591 588 3660 tergum
610 3584 692 3644 sensi
713 3584 792 3644 hanc
813 3583 935 3646 immani
957 3601 1109 3646 murmure
1131 3583 1246 3658 claudi;

377 3691 415 3752 Et
436 3692 554 3771 qualem
576 3693 670 3754 errori
693 3693 826 3773 quierem
848 3701 1021 3773 praetexere
1044 3712 1190 3766 caussam,

343 3801 409 3866 esi
433 3798 658 3881 respexissem?
679 3801 738 3863 Per
758 3803 887 3864 scissum
909 3803 1093 3865 adscendere
1115 3821 1217 3866 saxum

377 3911 454 3973 Cura
478 3909 548 3985 suit,
573 3910 652 3991 quod
676 3929 710 3972 ee
731 3919 816 3992 parte
838 3931 875 3974 er
896 3921 1020 3993 utraque
1043 3911 1180 3976 merebat

377 4020 462 4082 Hand
485 4021 585 4094 aliter,
609 4039 697 4102 quant
720 4041 795 4101 qnae
817 4039 886 4085 sese
908 4023 984 4100 fugit
1004 4023 1083 4085 unda
1105 4023 1250 4104 petitque.

376 4130 433 4192 Hic
454 4129 608 4192 accedenti
630 4149 711 4192 nanc
732 4131 816 4206 hinc,
839 4149 919 4193 nnnc
941 4132 1010 4195 inde
1032 4131 1177 4194 recedens

376 4240 420 4301 nd
443 4238 535 4312 datus,
558 4241 702 4304 utendum
723 4248 771 4303 est
791 4240 889 4322 aliqua
911 4249 990 4304 arte:
1012 4242 1087 4304 haec
1109 4261 1162 4305 ore
1185 4243 1337 4320 magister.

328 4360 360 4412 ιο
376 4351 472 4431 Atque
494 4349 568 4414 haec
591 4369 696 4414 caussa
720 4351 782 4424 fuit,
806 4369 883 4431 quae
905 4369 997 4431 passu
1020 4369 1126 4432 repere
1147 4351 1239 4432 jussit
