3124 5170
539 467 732 520 tmuuoatttt
750 469 826 520 xxttt

144 699 173 753 ta
188 689 260 752 Huic
281 688 496 767 indulgendum
518 687 608 750 tacite
629 695 676 750 est
696 689 835 768 tantoque
857 690 1024 754 favendum.

226 800 288 861 Nes
310 799 409 878 eapite
431 798 604 878 expantia,
628 816 687 878 qun
708 798 792 879 ripae
811 798 948 879 jungitur
970 800 1051 862 orbis

189 910 334 981 Octavus,
357 908 433 988 tapsi
456 907 685 980 descendimus,
708 907 833 970 etmihi
854 907 942 987 butpa

187 1021 260 1082 Tum
283 1019 442 1080 manifesta
465 1017 535 1090 init,
558 1017 760 1098 stipatumque
782 1017 862 1080 intus
884 1037 1021 1080 aceruum

76 1104 80 1219 Ξ
188 1130 365 1210 Serpentum
386 1127 445 1188 vidi
469 1126 659 1198 horribilem,
684 1126 770 1206 queis
792 1128 886 1190 torma
908 1145 1060 1209 genusque

75 1222 79 1315 i
141 1235 506 1310 sustenementum,
530 1245 562 1297 ut
583 1244 772 1300 revocantem
794 1236 864 1298 tatia
886 1249 986 1300 mente

74 1324 78 1337 ¹
187 1348 313 1426 Sanguis
335 1346 432 1408 adbuc
454 1346 557 1424 fugiat.
601 1345 668 1406 Non
691 1363 740 1418 se,
762 1365 823 1410 nen
842 1347 938 1427 jactet
957 1365 1063 1410 arenas

74 1400 77 1533 i
186 1458 282 1520 iiriea
307 1464 369 1518 tota
390 1475 470 1518 suas.
514 1456 589 1517 Nam
611 1457 637 1517 si
656 1453 833 1538 jaculosque
857 1456 1080 1538 ebelpdresque,

74 1568 77 1663 i
185 1568 221 1629 Et
239 1568 369 1647 phareas
390 1568 595 1646 eeuehresque
616 1566 691 1628 bane
713 1565 807 1644 gignit
828 1573 859 1626 et
878 1566 1132 1645 amphisbaenam,

74 1692 77 1703 ·
185 1678 245 1739 Nee
267 1685 313 1738 tet
335 1685 454 1756 tamque
476 1675 569 1737 males
591 1683 693 1755 pestes
716 1675 790 1737 heae
811 1675 906 1738 edidit
926 1695 1056 1756 unquam

74 1824 77 1895 t
139 1799 170 1854 ab
186 1789 258 1850 Cum
281 1795 359 1848 terra
381 1785 577 1864 Aethiopum,
601 1803 668 1846 eum
690 1783 758 1846 Nilo
780 1785 903 1848 flumine
924 1794 955 1847 et
976 1785 1057 1848 omui

75 1918 77 1927 ·
185 1897 347 1977 Reptiiium
369 1894 485 1975 speeie,
508 1894 630 1956 rubrum
653 1911 729 1973 quae
745 1894 887 1958 'eontinet
905 1913 1028 1976 aequor.

74 2044 77 2133 p
184 2007 384 2068 bionstrenam
406 2005 476 2066 buia
499 2004 600 2083 generi
621 2005 711 2066 foedo
733 2005 888 2068 commista
911 2005 1038 2067 mebant

75 2146 78 2225 p
185 2117 318 2198 Corpora
342 2115 466 2188 nudata,
490 2133 525 2176 ae
546 2113 675 2176 domitae
698 2113 858 2176 inuuidine
880 2123 994 2194 gentes,

74 2318 77 2365 t

73 2394 76 2443 i

81 571 83 579 a

76 2230 78 2243 '
185 2227 278 2301 Queis
300 2241 385 2306 spem
406 2223 488 2286 unita
509 2223 599 2286 dabat
619 2222 756 2286 latitandi
777 2223 866 2295 mma,
890 2241 946 2286 nee
967 2223 1019 2286 illa

136 2337 256 2400 tablira
279 2335 378 2415 Gygae
399 2332 549 2414 quondam
571 2333 602 2395 in
625 2351 740 2413 gemma
762 2342 809 2394 sat
829 2333 948 2412 cognita
968 2334 1071 2396 virtus.

69 2470 74 2611 p
184 2447 239 2508 iiis
260 2452 332 2526 post
352 2452 434 2522 terpa
457 2461 563 2506 manus
585 2452 759 2524 serpentum
780 2443 877 2506 vinela
898 2442 1039 2522 ligabant,

186 2557 245 2631 Qui
268 2575 301 2618 se
323 2571 379 2634 per
399 2571 487 2616 renes
510 2553 602 2614 mutia
624 2561 654 2614 et
676 2553 773 2633 eapite
795 2553 996 2626 insinuabant,

69 2678 72 2761 t
183 2665 342 2728 Anterinra
364 2663 496 2726 heminis
517 2661 663 2742 eompiexi
684 2662 811 2724 nexibus
831 2663 933 2725 aretis.

184 2779 280 2857 Atque
305 2789 377 2836 ecee
398 2792 434 2835 ex
455 2773 523 2836 istis
545 2791 635 2834 unum
657 2791 751 2852 prope
773 2771 872 2835 littora
895 2783 996 2836 nostra

69 2884 71 2951 2
135 2885 299 2948 saturnia
321 2902 447 2964 serpens
469 2891 500 2944 et
521 2894 608 2944 uento
630 2881 719 2944 dente
740 2883 909 2956 memordit,

187 2997 251 3069 Qua
275 2994 374 3057 cervix
395 2993 528 3056 humeris
548 2991 678 3054 rineitur
694 2993 798 3072 juncta
820 3011 958 3073 superne.

67 3044 71 3149 ι
185 3106 251 3168 Neu
275 3123 292 3167 a
315 3112 377 3166 tam
398 3103 499 3166 subito
521 3102 699 3183 quisquam,
722 3111 773 3165 aut
794 3103 959 3165 ascribere
981 3102 1083 3183 quirit,

67 3190 70 3259 i
186 3217 282 3289 Quam
306 3213 406 3276 subito
428 3213 486 3274 iste
508 3211 565 3275 ruit
585 3213 713 3274 flammis
734 3213 876 3275 incensus
898 3224 929 3274 et
949 3213 1032 3286 arsit,

66 3310 69 3339 ⁸
185 3325 224 3387 Et
243 3324 395 3387 delabenti
417 3323 448 3384 iu
471 3330 581 3384 terram
602 3322 761 3386 considere
783 3322 837 3384 toti

65 3468 68 3517 ;
120 3448 169 3499 tou
186 3435 263 3497 iinie
285 3451 361 3514 epus
383 3433 414 3494 in
437 3433 569 3495 einerem
591 3431 658 3494 init.
702 3432 797 3512 thue
820 3432 1027 3512 absumpserat
1049 3431 1127 3510 ignis

66 3528 68 3575 ³
185 3545 273 3607 Hune
294 3544 335 3605 ita
357 3543 440 3604 humi
462 3544 575 3616 iusum,
600 3559 667 3603 sese
688 3539 810 3622 eeiiegit
829 3542 860 3604 in
881 3559 973 3604 unum

186 3656 263 3718 Tum
285 3653 378 3728 einis,
402 3661 433 3716 et
453 3671 509 3732 per
530 3671 563 3714 ee
584 3669 652 3714 mox
673 3652 799 3716 formam
821 3651 951 3732 sumpsit
971 3649 1104 3725 eandem,

187 3765 272 3838 Quae
294 3764 378 3845 prius
401 3764 562 3826 exstiterat.
585 3795 627 3808 -—
648 3761 700 3825 Sie
721 3770 752 3824 et
772 3761 918 3843 phoenica
942 3763 1073 3824 iatentur

184 3874 350 3936 Nobilitate
371 3873 459 3954 sopiri
482 3872 617 3951 insignes
639 3873 818 3936 occumbere
838 3870 940 3942 morti,

116 3991 168 4045 1⁰5
186 3984 300 4047 Deinde
322 3983 429 4044 iterum
451 3983 549 4056 nasei,
573 4001 640 4046 eum
662 3979 791 4062 explerit
811 3979 930 4044 saecula
953 3981 1053 4060 quina.

62 4094 65 4119 ¹
184 4093 252 4156 Non
274 4093 325 4154 isti
348 4111 484 4172 gramen,
507 4111 567 4154 non
583 4093 641 4164 isti
662 4091 770 4173 pabula
791 4091 936 4172 praebent

60 4152 64 4295 ἒ
185 4203 313 4282 Frttges,
336 4203 389 4266 sed
411 4203 508 4264 tburis
529 4199 685 4276 lacrimae,
709 4202 762 4264 sed
784 4221 891 4264 succus
914 4201 1040 4274 amemi;

60 4304 64 4435 Ι
184 4313 362 4394 biyrrbaque
384 4331 451 4374 eum
475 4313 559 4393 spiea
580 4313 666 4375 nardi
689 4313 760 4374 dant
782 4311 882 4374 ultima
905 4318 1008 4372 strata.

60 4454 63 4595 p
185 4423 282 4504 Atque
304 4431 338 4484 ut
359 4421 409 4503 qui
431 4423 602 4503 praeambit
621 4422 704 4485 humi
725 4424 803 4484 maie
825 4420 965 4484 eouaeins
987 4419 1053 4502 ipse
1097 4438 1307 4630 ὓῇ]

1304 4108 1310 4435 Ι
