3116 5162
2 203 3 264 l

2 347 4 420 l

259 413 320 457 „n
736 361 737 365 '
784 387 958 448 amaranto

354 576 427 652 lam
450 597 528 649 vero
554 597 663 672 noque
688 572 828 656 uberim
850 571 989 646 umaro
1012 569 1157 648 Pinara
1179 571 1316 646 uirtutm
1340 573 1492 670 multipli-

256 721 312 772 ces
345 718 452 793 neque
487 693 653 791 copiosius
687 713 845 766 mansere
877 689 1043 763 laboeulus
1069 689 1224 787 pauculus
1247 701 1401 765 nostrum
1422 717 1492 764 esse

256 814 418 887 ducimus.
469 811 506 884 ld
532 811 639 885 solum
666 809 807 884 anobis
834 831 909 882 cnm
936 807 1130 908 exspectari,
1157 819 1227 882 tum
1247 810 1409 905 postulari
1425 821 1492 907 pot-

256 945 318 1025 est,
340 942 377 1005 ut
390 931 574 1004 cautionem
597 927 761 1028 quandam
782 926 996 1002 adhibeamus
1015 938 1049 999 et
1071 925 1333 1023 interponamus,
1356 952 1399 1000 no
1421 929 1492 1026 quis
1555 989 1556 1008 ,

255 1051 400 1136 virorum
419 1049 604 1141 doctorum,
623 1071 699 1124 curn
719 1071 786 1120 non
812 1046 956 1146 undique
974 1043 1085 1120 omnia
1102 1069 1200 1146 quam
1214 1047 1338 1144 optime
1353 1057 1491 1140 tornata,
1555 1135 1556 1138 Ἴ

255 1168 400 1265 perlecta
424 1168 616 1264 expletaque
643 1165 798 1242 omuibus
819 1163 971 1248 'numeris
998 1174 1033 1236 et
1057 1162 1206 1260 partibus
1230 1164 1363 1257 viderit,
1390 1175 1492 1238 totum

255 1310 338 1385 opus
364 1285 495 1382 abjiciat
520 1285 589 1377 uel,
651 1285 720 1357 nod
746 1282 953 1380 junctissimus
979 1282 1121 1381 quisquo
1146 1282 1286 1356 baberet
1314 1281 1492 1380 injustissi·
1555 1315 1556 1356 t

254 1429 356 1499 mum,
383 1403 606 1499 abjiciendum
624 1401 754 1499 judicet
778 1411 812 1474 et
841 1401 987 1476 suadeat
1012 1389 1020 1394 ⁸
1555 1421 1556 1428 ³

354 1587 423 1662 Nos
440 1588 503 1687 ipsi
521 1589 555 1661 iu
570 1589 654 1662 libro
667 1613 768 1663 mauu
783 1587 919 1684 scripto,
927 1587 1119 1685 priusquam
1135 1586 1220 1684 typis
1237 1585 1492 1680 describeretur,
1555 1577 1556 1640 Ϊ

253 1731 389 1806 perraro
416 1707 539 1805 aliquid
563 1717 692 1780 mutare
718 1707 768 1780 vel
794 1706 971 1780 emendare
1004 1704 1076 1778 ausi
1103 1729 1241 1798 sumus,
1274 1705 1340 1780 nisi
1375 1702 1493 1803 quibus

253 1827 336 1900 locis
362 1826 434 1899 siue
460 1825 526 1898 ulla
552 1817 758 1921 arrogantiae
783 1823 915 1898 nostrae
942 1824 1131 1921 suspicione
1158 1835 1192 1896 et
1209 1823 1282 1896 sine
1297 1823 1363 1896 ulla
1384 1835 1493 1897 aucto·

253 1944 302 2018 ris
328 1931 509 2018 offensione
536 1941 695 2039 injuriare
720 1943 792 2016 [ieri
818 1943 945 2040 potuit,
983 1952 1040 2015 aut
1072 1942 1128 2015 ubi
1162 1941 1204 2015 ab
1237 1942 1319 2040 ipsis
1352 1941 1493 2014 Prazara

254 2063 380 2159 amicis,
408 2062 464 2160 qui
486 2074 555 2135 tres
574 2071 753 2159 quatuorve
769 2061 907 2159 paginas
932 2060 1200 2134 adnotationibus
1223 2061 1295 2134 suis
1316 2061 1494 2158 completas

253 2181 288 2254 in
314 2206 412 2256 usum
437 2191 588 2254 nostrum
614 2180 882 2272 transmiserant,
915 2203 1029 2254 ansam
1063 2179 1250 2276 corrigendi
1285 2190 1320 2252 et
1351 2177 1493 2252 addendi

253 2300 500 2400 accepimus*).

352 2469 402 2543 Eo
428 2466 536 2564 magis
562 2474 672 2542 autem
698 2466 781 2540 haec
807 2465 1012 2567 temperandi
1046 2479 1080 2540 et
1105 2465 1292 2542 abstinendi
1328 2466 1414 2539 ratio
1449 2478 1494 2538 te·

183 2553 186 2562 ’
252 2587 360 2662 nenda
386 2597 420 2660 et
444 2611 547 2685 prope
573 2585 744 2682 religionis
770 2585 842 2661 loco
869 2585 965 2659 uobis
991 2585 1150 2659 servanda
1175 2585 1250 2679 luit,
1277 2609 1342 2684 quo
1369 2583 1496 2682 majore

253 2705 423 2802 diligentia
456 2715 490 2778 et
520 2704 641 2804 pietate
675 2703 853 2778 familiares
877 2703 1019 2778 Prionos
1052 2705 1087 2778 in
1120 2729 1221 2803 opere
1252 2701 1377 2805 publici
1408 2702 1495 2802 juris

252 2821 403 2897 faciendo
435 2832 582 2895 versatam
619 2847 693 2896 esse
732 2822 1030 2896 animadvertimus.
1092 2821 1220 2896 Placuit
1253 2822 1297 2896 iis
1335 2821 1495 2900 nimirum

251 2941 400 3040 singulas
424 2940 501 3015 libri
527 2940 765 3038 manuscripti
790 2939 963 3015 schedulas
993 2941 1098 3030 tribus
1124 2942 1270 3014 virorum
1292 2941 1495 3016 nobiliorum

252 3059 444 3136 nominibus
467 3059 663 3156 subscriptis
686 3059 837 3158 signare,
872 3060 906 3132 in
937 3061 1024 3133 calce
1062 3060 1218 3134 carminis
1248 3059 1283 3133 id
1311 3059 1496 3134 firmandae

251 3173 455 3260 αὐθεντίας
471 3201 586 3252 caussa
603 3177 726 3252 lactum
748 3202 823 3252 esse
844 3178 953 3252 verbis
973 3177 1093 3250 Italicis
1112 3178 1231 3252 docere
1248 3189 1293 3272 et,
1312 3179 1402 3280 quod
1421 3180 1495 3277 plus

252 3309 315 3391 est,
340 3297 530 3370 testimonio
551 3296 682 3394 publica
704 3296 897 3370 auctoritate
918 3296 1063 3370 exhibito
1086 3307 1121 3400 et
1145 3297 1333 3394 insignibus
1359 3297 1496 3396 sigillis·

252 3439 316 3516 que
338 3415 549 3512 magistratus
563 3413 728 3488 Vicentini
751 3415 942 3488 confirmato
961 3416 1154 3490 solemniter
1170 3417 1400 3519 pronuntiare,
1417 3441 1496 3518 apo-

318 3717 475 3784 ‘llnpnrnis
498 3721 522 3772 lu
546 3735 575 3772 ao
599 3721 670 3772 noble
687 3719 860 3772 elaborandam
883 3719 943 3780 luit,
965 3725 991 3772 nt
1008 3737 1091 3774 aanor
1109 3723 1233 3784 nonnulli,
1250 3721 1313 3774 band
1332 3721 1406 3778 run·
1425 3723 1495 3788 colpe

251 3803 401 3865 acribarum,
425 3811 466 3855 eat
483 3805 604 3868 longiores
621 3813 663 3856 ant
680 3805 801 3856 breviores
816 3807 908 3869 justum
925 3805 1040 3858 baberent
1058 3805 1145 3874 pedm
1162 3823 1289 3860 numerum
1307 3815 1331 3859 et
1354 3807 1437 3858 onmia
1455 3821 1494 3858 re·

252 3889 315 3954 gulia
332 3888 445 3938 metricae
462 3889 637 3956 prosodiaeqne
655 3897 735 3940 exacte
753 3889 935 3954 responderent.

319 4005 426 4060 taranti
443 4007 494 4058 lere
511 4005 577 4058 nulla
594 4009 690 4059 occasio
708 4007 778 4059 nobis
796 4007 899 4072 obvenit,
917 4009 962 4058 nisi
981 4009 1069 4060 lolero.
1087 4010 1199 4076 natm,
1216 4009 1256 4062 ubi
1274 4026 1294 4060 r.
1315 4009 1378 4061 lbl:

556 4133 639 4186 erata
654 4149 702 4186 noe
718 4111 774 4186 ciete
791 4137 829 4186 ooo'
845 4132 883 4186 del
899 4137 983 4188 mondo
1001 4141 1095 4202 operti?

253 4266 378 4320 uoidnrm.
413 4265 464 4318 llon
481 4268 513 4320 ita
530 4267 708 4340 supplevimus:

556 4395 601 4447 Gar
617 4397 670 4448 laiac
681 4397 748 4462 insto
764 4396 806 4448 bai
822 4411 862 4450 ooo
880 4399 980 4452 condono
996 4401 1090 4452 sunto
1107 4403 1162 4455 tro?
