3144 5164
305 407 366 470 332
753 365 897 457 vernnust
916 406 971 456 rvr.

369 628 481 700 Lunae,
504 621 679 700 Urbiseliae‚
702 634 735 687 ut
752 625 813 708 jam
837 623 987 686 detluxere
1009 632 1149 705 retroque

320 743 354 796 'to
370 737 408 799 Ut
429 733 626 815 sublapsurae
647 744 718 796 sunt
739 754 788 798 res
812 733 953 815 Clusique
976 733 1136 814 Sinaeque‚

370 846 437 909 Nou
460 844 513 906 tibi
535 863 585 906 res
605 863 682 906 nora
704 843 762 906 erit
784 853 887 922 gentes
910 843 1013 906 audire
1035 843 1121 906 ruina

370 956 507 1025 Erersas,
530 973 585 1017 nec
606 954 680 1017 mira
704 954 833 1034 quidem,
857 951 977 1033 quando
998 953 1124 1016 urbibus
1146 955 1222 1034 ipsis

371 1065 455 1128 Finis
477 1065 572 1126 adest.
615 1064 736 1136 Utres,
760 1071 829 1125 sunt
849 1071 947 1124 restra
971 1061 1099 1124 obnoxia
1122 1063 1211 1125 morti

373 1175 489 1242 Omnia.
512 1174 637 1236 ethaeo
659 1173 766 1254 aliqua,
790 1191 865 1252 quae
888 1181 948 1234 stat
968 1172 1117 1246 diuturna,
1140 1173 1259 1236 latescit

322 1292 355 1346 70
372 1286 406 1347 ln
427 1303 470 1358 re,
493 1295 524 1346 at
544 1291 641 1345 restra
663 1282 762 1345 brevis
783 1283 841 1344 rita
864 1290 919 1344 est
962 1284 1059 1362 Atque
1081 1281 1164 1344 orbis
1186 1284 1222 1346 ad
1246 1283 1345 1346 instar

372 1395 485 1458 Lunam
507 1392 661 1466 volventis,
685 1392 734 1471 qui
755 1392 846 1454 nudat
868 1391 967 1454 littora
990 1400 1020 1453 ot
1040 1392 1131 1464 abdit,

369 1504 433 1567 Nec
455 1504 541 1566 datur
561 1502 620 1564 ulla
643 1502 744 1582 quies;
767 1503 811 1563 sic
833 1516 912 1563 nuuc
934 1503 1051 1563 lortuna
1074 1501 1207 1564 vicissim

370 1614 505 1676 Vestram
527 1595 631 1674 urbem
653 1621 779 1674 exercet.
813 1587 922 1684 'Quare
944 1609 1022 1672 haud
1045 1611 1155 1673 mirare
1176 1612 1350 1693 loquentem

370 1723 417 1784 lle
437 1721 636 1795 Florentinos
660 1721 711 1802 qui
733 1739 812 1782 nuno
833 1722 931 1801 capita
953 1721 1009 1783 alta
1033 1721 1178 1795 ferebant,

320 1841 355 1896 80
371 1833 529 1913 Antiquam
551 1849 676 1912 quorum
700 1831 834 1893 celarunt
856 1839 989 1910 tempora
1016 1832 1134 1892 lamam.
1261 1865 1264 1874 ,

371 1944 461 2020 Ugos‚
485 1941 633 2003 Osmanos
655 1940 724 2014 vidi,
748 1941 938 2021 Graecosque
959 1941 1186 2022 Philipposque,

371 2054 468 2132 Atque
493 2049 654 2114 Catellinos
676 2049 775 2124 simul,
798 2060 828 2113 et
848 2067 942 2127 genus
963 2050 1124 2125 Alberichi,

371 2162 437 2224 lam
459 2161 556 2224 claros
579 2159 683 2233 titulis,
706 2167 787 2222 sorte
810 2159 971 2222 inclinante
995 2161 1142 2240 superbis,

371 2271 409 2334 Et
430 2289 540 2352 genere
563 2269 685 2350 antiquo
708 2269 818 2332 multos
841 2270 1009 2350 opibusque
1031 2279 1180 2350 potentes.

320 2391 355 2448 85
371 2383 491 2444 Portam
512 2382 597 2455 ultra,
620 2399 696 2442 nora
717 2380 860 2460 perfidiae
883 2399 971 2461 quam
993 2380 1126 2461 pondere
1147 2389 1286 2444 onustam
1389 2371 1398 2390 ⁶

373 2493 448 2554 Tam
469 2490 598 2569 graviter
617 2498 733 2564 vexant,
754 2498 789 2551 ut
806 2491 869 2571 jam
887 2490 1002 2570 jactura
1024 2489 1171 2566 gementis

372 2601 420 2663 Sit
439 2599 598 2662 metuende
619 2599 701 2674 ratis,
725 2618 798 2680 gens
819 2599 987 2662 Rrvrcnrru
1009 2600 1157 2676 manebat,

372 2711 456 2773 Unde
479 2728 580 2772 comes
603 2710 723 2802 Gerous,
748 2709 858 2790 quique
880 2728 897 2771 a
919 2710 1120 2772 Beuurncrous
1143 2709 1202 2773 alto

371 2820 446 2883 lleiu
467 2819 550 2883 duxit
571 2837 690 2880 nomen.
732 2818 911 2882 Dominandi
934 2819 1013 2880 nulla
1035 2819 1147 2882 latebat

321 2937 356 2989 00
370 2931 436 2994 Jam
458 2929 503 2991 ria
525 2930 731 3002 Pnussuussu,
755 2937 843 3009 atque
866 2929 948 2992 domi
969 2930 1129 2991 Peniculus
1152 2948 1240 2994 auro.

373 3040 500 3104 Ornarat
521 3038 668 3120 capulum.
713 3037 816 3100 Stabat
832 3039 896 3119 jam
918 3057 1023 3118 magne
1046 3039 1194 3112 columne,

373 3152 456 3226 Quae
478 3149 596 3212 niveum
619 3158 649 3211 et
669 3147 794 3210 maculis
816 3148 989 3211 distinctum
1011 3149 1130 3227 insigne
1152 3149 1284 3228 gerebat,

371 3263 467 3341 Atque
489 3259 542 3335 itti,
565 3259 733 3322 admonitus
755 3258 848 3322 modii
871 3259 980 3340 quibus
1003 3278 1053 3321 ora
1075 3259 1186 3322 rubore

371 3369 478 3433 lnlicit.
524 3370 548 3432 0
572 3369 674 3449 quales
694 3369 762 3443 ridi,
786 3388 861 3448 quos
882 3369 999 3448 turgida
1021 3369 1100 3430 laetu

320 3481 455 3544 tollens
478 3480 538 3559 egit
559 3477 697 3560 pessumi
721 3487 809 3559 atque
832 3478 937 3556 globos
959 3477 1121 3559 praedivite
1143 3477 1180 3540 ab
1204 3498 1286 3554 auro,

370 3590 430 3652 Per
451 3608 526 3670 quoe
547 3589 673 3652 llorebat
694 3597 801 3670 coepto
823 3589 972 3652 Florentia
994 3589 1024 3651 in
1047 3587 1143 3651 omni!

371 3697 456 3760 llaud
479 3717 566 3760 secus
589 3699 707 3764 illorum
729 3717 797 3761 sese
819 3699 950 3778 gessisse
973 3699 1109 3762 feruntur

371 3810 484 3884 Patres,
508 3808 568 3889 qui,
592 3808 709 3888 quoties
732 3809 859 3871 ecclesia
881 3816 979 3870 restra
1000 3808 1141 3882 vacarit·

371 3919 434 4000 lpsi
456 3919 486 3980 in
509 3917 637 3981 concilio
659 3925 773 3980 stantes
795 3917 853 3980 sibi
875 3935 985 3999 corpus
1008 3917 1132 3982 obesum

305 4039 355 4093 100
371 4029 524 4093 Curarant.
567 4028 671 4090 loilata
694 4028 809 4104 domus,
833 4047 919 4110 quae,
941 4061 983 4075 —
1005 4047 1038 4091 se
1060 4027 1151 4091 ardua
1173 4034 1206 4090 ut
1228 4027 1335 4108 anguis

370 4137 516 4204 Attollens
538 4147 642 4200 contra
664 4139 824 4217 lugientem
846 4139 971 4201 suscitat
992 4139 1061 4211 iras,

370 4249 464 4324 Nunc,
487 4249 514 4312 si
535 4249 604 4329 quis
625 4249 744 4311 dentem
767 4248 904 4312 ostendat
925 4248 1090 4312 loculumre
1113 4254 1279 4322 sonantem,

370 4359 499 4423 llitescit
518 4357 598 4422 velut
619 4377 713 4439 agnus
735 4358 826 4434 iners,
849 4391 890 4406 ·-
912 4368 975 4422 tum
998 4377 1134 4421 crescere
1155 4355 1287 4439 primum
