3116 5162
301 437 343 504 22
751 429 944 486 rrmnronnu
961 429 986 483 r.

369 657 450 720 llaec
471 657 598 720 animae.
641 655 737 736 thue
758 655 825 718 illas
848 655 947 718 audivi
969 654 1069 716 dicere
1091 652 1199 726 laesas,
1473 742 1476 755 Ι

304 775 351 828 111
368 767 482 832 Demisi
504 766 629 838 vultum,
653 775 683 827 et
704 765 786 828 tenui
809 773 868 828 tam
891 765 1001 826 lumina
1023 772 1120 826 terrae

369 877 439 940 Fixa
462 875 529 948 diu,
551 876 622 938 dum
644 876 742 955 inquit
763 883 861 938 vates:
886 874 964 947 Quid
986 881 1087 936 mente
1108 869 1259 934 revolvis?

411 985 487 1048 Huic
509 1003 580 1064 ego,
604 985 653 1047 ubi
675 985 777 1065 potui,
801 993 920 1046 contra:
943 981 1023 1044 lieu!
1047 991 1120 1063 quot
1140 981 1239 1046 dulcia
1261 1001 1363 1056 sensa,

369 1097 450 1169 Quot
470 1094 613 1158 desiderii
634 1095 742 1156 fluetus
765 1094 874 1156 duxere
903 1093 1039 1155 dolorum

368 1205 402 1268 ln
425 1213 538 1266 tantum
560 1203 823 1274 has,baratbrnm!
847 1202 980 1265 Tandem
1002 1219 1164 1266 conuersus
1185 1201 1224 1264 ad
1245 1201 1329 1281 ipsas

194 1391 198 1402 ,
304 1319 352 1371 tttt
370 1314 412 1378 Os
435 1313 526 1386 solvi,
549 1313 715 1392 coepique:
739 1313 810 1386 Tui,
833 1314 1012 1385 Franorsca,
1036 1311 1157 1374 dolores

368 1424 415 1489 lle
437 1422 554 1484 tristem
575 1429 664 1502 atque
685 1422 768 1502 pium
789 1421 921 1494 iaciunt,
944 1432 975 1484 et
996 1421 1119 1484 sundere
1141 1420 1240 1500 largos

369 1531 558 1612 Compellunt
579 1533 676 1594 [letus.
720 1531 780 1596 Sed
802 1531 867 1594 dic:
891 1531 958 1603 Quo
980 1540 1116 1611 tempore
1137 1530 1234 1594 duleis

369 1641 525 1722 Expressit
545 1640 635 1704 tacito
658 1640 788 1720 suspirie
811 1651 933 1720 pectore
957 1659 1037 1713 cura,

370 1751 454 1812 Tunc
475 1769 561 1812 amor
582 1748 661 1811 unde
683 1750 779 1822 dedit,
802 1762 832 1810 et
853 1750 1003 1830 quomodo
1025 1769 1152 1812 noscere
1173 1759 1241 1812 rota

305 1867 352 1921 115
370 1859 476 1922 Cordis
498 1859 530 1920 in
552 1859 690 1938 ambiguo
713 1857 915 1940 trepidantis?
935 1860 974 1922 tt
995 1859 1060 1924 illa:
1083 1858 1203 1922 Doloris

370 1969 420 2030 Vis
443 1969 523 2030 nulla
545 1977 592 2030 est
612 1968 722 2048 major,
746 1987 848 2048 quam,
871 1969 950 2034 mole
972 1976 1126 2050 premente
1147 1968 1303 2042 malorum,

370 2079 610 2142 commemorare
632 2079 697 2153 dies
719 2077 790 2144 olim
813 2078 939 2140 feliciter
960 2089 1053 2150 actos,

370 2189 464 2278 ldque
487 2197 554 2253 tuus
577 2189 683 2250 doctor
704 2207 764 2250 non
786 2189 924 2268 ignorare
946 2187 1072 2252 videbor.

370 2306 408 2362 At
429 2299 456 2360 si
478 2307 559 2360 tanta
582 2309 632 2360 tuo
654 2299 782 2378 primam
805 2317 987 2378 cognoscere
1010 2298 1121 2360 amoris

306 2409 512 2475 renitentem
535 2407 629 2471 nostri
652 2408 731 2470 sedit
751 2409 807 2470 sub
829 2409 920 2471 corde
942 2407 1061 2488 cupido,

371 2519 404 2582 ld
426 2537 510 2580 more
532 2517 797 2590 efficiam-dentis,
820 2518 992 2598 pariterque
1013 2517 1173 2598 loquentis.

371 2629 461 2690 Forte
483 2627 670 2706 legebamus,
694 2635 831 2690 curantes
854 2627 969 2689 solvere
991 2636 1130 2699 mentem,

372 2737 407 2800 Ut
430 2737 649 2798 Lancsutororr
671 2735 812 2800 violentia
834 2735 927 2798 vinxit
948 2737 1075 2800 amoris:

372 2846 436 2910 Soli
458 2845 617 2925 securique
638 2853 736 2912 metus
758 2845 920 2908 stabamus.
965 2846 1127 2926 Utrumque

307 2963 355 3018 125
372 2957 425 3020 llle
447 2955 523 3016 liber
544 2955 640 3016 lectos
662 2973 808 3035 persaepe
830 2933 965 3016 attollere
987 2955 1088 3034 adegit

372 3065 499 3130 Lumina
521 3065 552 3128 in
575 3063 698 3128 alterius
720 3063 847 3137 vultum,
870 3072 1023 3144 mutatque
1045 3065 1191 3139 colorem

372 3179 411 3239 tt
432 3176 531 3246 subito
554 3186 696 3256 punctum
719 3192 774 3236 nos
797 3174 873 3236 vicit
889 3174 1033 3255 temporis
1055 3193 1155 3247 noum.

373 3287 448 3348 Nam
470 3284 559 3348 simul
581 3285 676 3365 optati
698 3284 825 3346 ridentia
848 3284 974 3362 legimns
996 3283 1058 3346 oris

372 3395 469 3458 Lebra
491 3395 586 3457 vimm
608 3402 721 3456 tanturm
740 3393 824 3454 labro
846 3393 995 3473 pressisse
1018 3393 1114 3458 tenaci

309 3512 357 3566 tto
375 3504 484 3568 Oscula
507 3505 662 3582 figentem,
685 3503 751 3576 hie,
775 3521 862 3582 quem
884 3522 901 3564 e
921 3521 971 3564 me
992 3521 1081 3566 nemo
1103 3503 1257 3566 abstrahet
1277 3523 1417 3587 unquam,

375 3613 486 3678 (iscula
507 3613 667 3692 corripuit,
692 3621 855 3691 nostroque
876 3611 1020 3692 pependit
1041 3611 1078 3674 ab
1100 3632 1153 3676 ore

375 3725 475 3804 Usque
498 3731 639 3784 uomens.
684 3721 753 3783 ruti
774 3720 823 3782 ille
845 3719 922 3785 liber
944 3722 1119 3796 Grtnorus,
1143 3723 1260 3804 etipse

375 3833 522 3915 Scriptor.
566 3833 639 3894 Post
660 3829 741 3893 illam
763 3831 887 3894 ulterius
910 3850 972 3894 oon
993 3831 1118 3911 legimus
1140 3833 1254 3896 boram.

375 3944 476 4006 Altera
497 3951 559 4004 tem
581 3941 670 4004 dabat
690 3941 744 4004 has
767 3959 854 4002 voces
876 3941 994 4014 umbra,
1018 3941 1110 4005 altera
1131 3941 1230 4004 llebat.

312 4065 359 4120 tto
376 4053 415 4116 lli
437 4051 534 4134 pictas
556 4062 638 4114 motu
661 4050 813 4114 concussit
834 4063 955 4131 pectora
978 4059 1071 4122 tanto,

377 4164 429 4234 Ut,
452 4161 537 4243 quasi
556 4161 620 4241 jam
642 4179 790 4232 morerer,
813 4161 906 4226 virtus
927 4160 1025 4222 vitalis
1048 4159 1153 4234 abiret,

378 4273 414 4337 lit
436 4271 546 4344 cecidi,
569 4279 602 4332 ut
622 4287 733 4349 corpus
754 4269 832 4334 ritae
853 4269 1023 4350 procumbit
1042 4270 1142 4334 inane.
