3124 5170
1097 393 1479 410 *q—

309 449 350 512 56
745 449 939 500 tartunonutl
957 449 1001 499 st.

373 669 502 733 Rursum
521 687 591 748 ego:
614 670 671 732 Ubi
685 670 796 730 flumen
807 668 1022 741 Psssccrnon,
1044 665 1097 729 ubi
1114 677 1185 730 sunt
1201 669 1275 731 rada
1291 669 1434 734 Lerisus?

374 780 469 842 Unum
491 797 618 859 namque
641 787 735 852 taces,
757 777 900 858 illumque
922 777 980 839 boc
1001 795 1138 839 crescere
1160 777 1198 840 ab
1219 777 1316 841 imbre

375 889 490 953 Dixisti.
534 889 597 950 Tua
619 898 725 951 cuncta
748 888 868 968 quidem
890 887 1024 966 quaesita
1046 888 1139 961 luere,

376 1000 509 1080 Suntque
530 999 603 1060 mibi
622 998 769 1080 jucunda,
792 996 906 1076 inquit3
928 1007 1027 1059 tamen
1050 1005 1151 1060 aestus
1173 1017 1317 1078 aquamm

310 1115 357 1167 125
375 1109 539 1170 Rubramm
561 1116 678 1188 poterat
700 1106 867 1187 quaesitum
889 1107 1004 1168 solvere
1026 1106 1165 1185 primum.

375 1219 511 1299 Aspicies
532 1219 657 1280 Lsrssu
680 1216 879 1295 simulatque
902 1216 1025 1277 evadere
1048 1216 1085 1278 ab
1107 1217 1164 1278 ista

351 1329 433 1390 -l'as
455 1328 545 1390 luerit
567 1329 662 1400 losse,
687 1345 745 1407 quo
767 1328 801 1388 lit
823 1343 985 1388 concursus
1007 1325 1045 1386 ad
1066 1325 1172 1400 undas,

374 1436 537 1518 Postquam
559 1438 649 1499 corda
670 1446 771 1498 tereos
793 1435 880 1497 dolor
902 1436 978 1496 imus
1000 1436 1057 1496 rite
1078 1437 1204 1498 removit

375 1546 499 1627 Culpas,
522 1556 780 1628 approperantque
803 1545 918 1606 animae
940 1543 1119 1624 veniuntque
1141 1545 1278 1610 lavatum.

310 1667 358 1720 1³⁰
418 1657 477 1720 Sed
495 1657 559 1738 jam
580 1667 697 1736 tempus
720 1655 778 1718 erit
798 1655 872 1716 silva
893 1653 1064 1728 discedere,
1087 1655 1176 1728 dixit3

376 1769 421 1830 Tu
444 1768 490 1828 lac
513 1773 614 1828 nostra
636 1775 715 1827 retro
737 1765 859 1828 veniens
883 1764 1004 1842 uestigia
1028 1783 1138 1826 serves.

375 1879 452 1940 liant
473 1895 533 1938 uon
554 1886 620 1938 usta
641 1875 719 1936 viam
742 1875 797 1936 tibi
818 1874 902 1954 ripae
923 1873 1021 1946 lubra,
1044 1893 1193 1955 superque

375 1988 546 2052 Postremus
568 2004 636 2048 oras
658 1985 756 2048 omnis
778 1983 971 2062 restinguitur
993 1984 1090 2046 ardor.

875 2247 941 2328 xl.

418 2429 503 2491 Nunc
524 2429 561 2490 de
583 2425 764 2505 marginibus
787 2425 869 2488 duris
891 2443 947 2486 nos
968 2423 1141 2505 prendimus
1163 2443 1263 2495 unum,

377 2537 573 2617 Caligansque
595 2536 691 2598 amnis
713 2537 811 2598 sumus
833 2535 878 2596 sic
900 2535 1029 2615 desuper
1050 2533 1174 2608 umbrat,

376 2646 414 2708 Ut
435 2647 575 2709 delendat
596 2653 697 2726 aquis,
720 2653 750 2706 et
771 2644 908 2706 claustris
929 2645 1046 2724 aggeris
1069 2645 1176 2722 iguem.

420 2755 541 2828 Qualia,
564 2756 600 2817 ab
622 2755 768 2816 undarum
790 2762 955 2816 metuentes
977 2754 1101 2834 impete,
1123 2755 1231 2834 Belgae

343 2863 558 2926 bllunimenta
579 2873 697 2925 stnrunt
718 2863 797 2926 inter
818 2862 963 2926 Gurzanta
984 2865 1165 2946 Brugasque‚

377 2972 482 3054 Objice
504 2991 562 3053 quo
585 2972 740 3034 incurrens
761 2973 868 3035 ductus
890 2973 980 3034 maris
1002 2975 1072 3037 inde
1094 2973 1234 3048 recedam

377 3081 483 3160 Qualia
505 3082 634 3164 Trojano
657 3083 793 3162 prognati
815 3083 963 3144 Antenore
985 3083 1075 3158 eires,

376 3192 501 3254 Distenti
524 3192 713 3254 studiorum
736 3201 766 3254 et
787 3191 907 3254 castella
931 3192 1041 3265 tuendi,

205 3329 212 3342 ·
264 3377 268 3386 Ι
375 3302 548 3368 lledoacum
571 3311 709 3382 propter,
733 3301 842 3363 solaria
864 3302 922 3364 tela
944 3302 1117 3382 priusquam

328 3425 359 3476 ltt
375 3412 465 3491 Alpes
488 3411 599 3473 sentire
622 3411 781 3492 incipiant:
805 3410 859 3472 sub
882 3410 1010 3490 imagine
1032 3412 1083 3475 tali
1155 3405 1159 3412 ’

376 3520 429 3584 llla
451 3520 661 3598 assurgebant,
684 3521 817 3600 quamvis
839 3521 938 3582 minus
960 3521 1019 3583 alta
1040 3523 1197 3604 minusque

375 3629 478 3710 lmpla
501 3637 583 3692 esset
603 3630 714 3702 moles3
737 3629 873 3710 quisquis
896 3629 950 3703 sit,
974 3632 1025 3711 qui
1047 3641 1109 3694 arte
1130 3633 1273 3711 magister

376 3737 440 3800 lloo
461 3737 559 3817 exegit
579 3757 664 3820 opus.
686 3773 726 3784 -
749 3739 828 3800 Silva
847 3740 968 3821 jamque
991 3741 1056 3821 ipse
1077 3741 1181 3804 relicta
1279 3767 1284 3778 ·

377 3848 449 3910 Cum
472 3848 563 3918 duce,
585 3857 697 3911 tantum
720 3848 855 3923 eberam,
878 3859 911 3912 ut
932 3869 1118 3930 nequaquam
1141 3869 1231 3914 nosse
1253 3852 1383 3926 daretur,
1479 3864 1481 3925 t

328 3961 359 4017 tt
377 3957 444 4029 Quo
467 3957 668 4031 devenissem,
691 3959 762 4021 lieet
783 3958 938 4022 observata
959 3969 1123 4022 retrorsum

377 4065 467 4144 Signa
488 4068 703 4146 requisissem,
725 4069 847 4130 ueniens
870 4087 936 4131 cum
959 4070 1137 4132 offendimus
1159 4089 1263 4149 agmen

376 4174 550 4238 Umbrenum
571 4185 694 4257 propter
714 4176 866 4257 lapidosas
887 4179 1004 4258 aggeris
1026 4199 1104 4252 oras,

375 4285 437 4346 Nos
460 4285 554 4347 oeulis
577 4287 722 4360 lustrans,
745 4287 834 4349 veluti
857 4287 911 4350 sub
934 4289 999 4350 luce
1021 4288 1155 4352 conedae

376 4395 477 4457 Lunae
499 4415 532 4456 se
554 4395 678 4468 alterni,
702 4405 771 4477 post
792 4397 867 4459 lacta
891 4398 1064 4478 crepuscula
1086 4399 1192 4472 noetis.
