3136 5164
311 376 375 442 tte
733 385 913 438 runotrotut
931 387 1019 436 xxvn.

379 611 510 676 Soiondo
532 605 773 692 sopiens‚m1io
795 621 935 666 sermone
956 603 1076 668 serebat

377 722 467 784 Multo
490 721 663 783 Benrmeeu
684 732 864 786 memorans,
886 713 932 776 sio
953 733 1005 778 ore
1026 714 1161 780 loeutus:

327 845 361 900 55
379 831 473 912 Huius
491 832 554 912 jem
575 830 679 891 uideor
699 825 806 888 faeiem
827 822 901 884 mihi
924 840 1059 887 eernere.
1082 855 1124 872 -
1144 823 1239 888 Nebis

379 941 438 1002 Pro
461 941 537 1002 duee
557 957 614 1000 vox
636 937 747 1006 ederet,
770 953 845 1014 quse
866 932 944 996 uitro
965 951 1021 994 nos
1043 934 1136 996 misso
1158 936 1291 1000 meoet

378 1049 440 1112 Nos
462 1050 533 1112 huie
555 1048 662 1112 intenti
684 1053 801 1125 portem
822 1042 996 1105 devenimus
1017 1041 1108 1115 illem,

378 1159 462 1222 Unde
484 1169 548 1222 eret
568 1159 743 1220 adscensus.
787 1152 891 1216 Putris
915 1171 932 1213 o
954 1151 1073 1224 ortena,
1095 1159 1204 1224 uenite,

377 1269 506 1332 Pectora
526 1268 589 1348 fido
609 1270 675 1335 met,
697 1283 755 1326 vox
775 1281 811 1323 ex
833 1262 956 1324 ardente
977 1261 1115 1324 micantis

328 1385 362 1436 to
378 1357 513 1440 Luminis
536 1376 669 1438 insonuit
691 1383 805 1444 centro,
829 1371 909 1450 qood
931 1370 998 1432 iuoe
1020 1371 1156 1450 replebor

378 1487 470 1550 Tanto
493 1487 559 1549 iiiss
582 1501 661 1556 oros,
684 1484 765 1546 soies
786 1489 819 1544 ut
839 1465 943 1542 nostre
963 1480 1097 1558 requiret

378 1597 463 1659 ntum
486 1597 562 1657 victo
585 1594 656 1674 peti,
679 1609 736 1654 nec
758 1599 821 1652 emt
842 1599 979 1670 spectare
1000 1598 1145 1670 potestus.

422 1705 474 1768 Soi
496 1705 565 1776 obit,
589 1703 696 1784 ajebat,
718 1701 899 1778 veniuntque
922 1699 1098 1780 crepusculo
1119 1704 1234 1776 noetis;

378 1816 422 1878 Ne
445 1823 528 1888 stote,
552 1821 581 1876 at
601 1831 710 1893 possus
732 1829 821 1872 eursu
843 1809 971 1872 celerate
993 1809 1092 1880 dileto,

328 1937 361 1989 65
378 1925 481 1987 Itonee
502 1941 610 2003 vesper
629 1921 727 1984 edituo
747 1919 847 1981 minus
869 1927 948 1980 atros
970 1918 1069 1982 induit
1088 1919 1219 1982 umbros.

362 2036 468 2096 diocte
490 2031 690 2095 adscendebat
710 2048 766 2109 per
787 2028 849 2091 sesi
871 2045 999 2090 oonosm
1020 2028 1115 2100 estiis.

379 2143 511 2206 Tramite
533 2143 578 2204 sio
598 2157 734 2218 vergens,
755 2145 790 2200 ut
806 2138 869 2218 jam
888 2137 961 2202 mihi
982 2137 1094 2202 lumina
1115 2139 1189 2202 solis

378 2253 454 2316 Prae
476 2269 524 2314 me
546 2250 765 2329 interciperent,
789 2265 866 2326 quoe
888 2247 1027 2324 longuida
1049 2250 1126 2312 secte
1148 2250 1309 2326 cedentum

377 2365 473 2442 Atque
495 2361 604 2439 gmdus
626 2377 740 2439 psooos
761 2358 858 2420 fueret
878 2375 1021 2437 superare
1043 2359 1175 2430 toenites,

328 2481 362 2533 7⁰
380 2473 454 2534 Cum
476 2471 549 2532 solis
572 2469 705 2532 nubitum
727 2487 763 2530 ex
784 2467 844 2539 iiio,
868 2485 944 2546 quse
966 2469 1092 2542 evanuit,
1115 2470 1219 2534 umbro

379 2581 535 2644 Sensimus
557 2599 573 2642 o
596 2587 690 2657 tergo.
733 2577 830 2658 Atque
851 2576 935 2658 prius
957 2595 1055 2656 quom
1077 2578 1127 2658 qui
1150 2589 1232 2658 petet
1252 2582 1361 2662 iugens

380 2690 470 2752 Orbis
492 2691 602 2761 finitor,
624 2707 681 2768 per
702 2698 825 2750 moetos
846 2687 979 2767 undique
1000 2695 1100 2766 portes

378 2800 474 2880 Unam
495 2797 620 2860 vestiret
640 2798 775 2868 formem,
797 2805 828 2858 et
849 2815 903 2859 sue
926 2805 1031 2860 ounote
1052 2805 1166 2860 teneret

378 2910 443 2972 Nox
465 2909 533 2980 sihi,
556 2908 686 2988 quisque
708 2905 830 2984 gradum
851 2925 908 2986 pro
929 2906 1006 2968 lecto
1030 2917 1184 2986 presserat
1204 2927 1306 2974 onum.

327 3021 431 3082 tosio
452 3019 557 3081 dentes
579 3017 655 3080 uitro
677 3015 766 3079 uobis
787 3016 968 3078 contendere
989 3016 1078 3086 vires.

377 3130 449 3194 Pius
472 3147 560 3210 quom
584 3128 726 3196 solamen.
748 3124 860 3186 montis
882 3133 985 3188 nature
1007 3127 1137 3206 refregit.

420 3241 458 3302 Ut
479 3257 550 3318 grex
571 3255 737 3318 caprorum,
760 3235 811 3315 qui
833 3253 979 3316 preeoeps
1000 3243 1087 3315 etque
1108 3247 1264 3316 protervus

377 3349 437 3410 Per
457 3366 529 3410 sexo
548 3349 705 3428 impositos,
727 3364 783 3426 per
802 3343 931 3407 etdmino
952 3363 1067 3410 summe
1088 3348 1201 3421 ruebat,

379 3459 425 3520 Fit
446 3477 568 3520 mensus
591 3457 671 3530 solie,
694 3463 783 3536 etque
805 3473 873 3518 ests
895 3454 966 3518 dum
987 3456 1118 3518 ruminet
1138 3457 1255 3531 herbas,

327 3577 362 3630 8⁰
380 3568 476 3641 Quem
498 3585 593 3648 prope
607 3565 746 3646 pastoris
768 3564 903 3626 custodie
923 3564 982 3627 tide
1003 3564 1112 3630 bouillo

255 3684 258 3702 ¹
379 3677 542 3749 statuite,
565 3677 656 3756 inque
679 3675 738 3737 iilis
759 3683 820 3736 tota
841 3682 905 3747 est3
927 3683 958 3736 et
978 3693 1062 3738 more
1083 3677 1232 3760 modoque

378 3785 524 3866 tipiiionis
547 3805 617 3848 oves
635 3786 720 3865 juxte
739 3785 812 3848 dore
834 3784 967 3848 membre
988 3785 1081 3864 quieti

379 3895 514 3957 Subdiu
538 3895 627 3965 soliti,
650 3895 701 3974 qui
722 3894 827 3972 longas
849 3893 959 3956 ducere
982 3904 1087 3958 nootes

379 4005 515 4066 Sustinet
536 4003 686 4082 evigilent,
709 4004 773 4064 fem
794 4022 832 4067 ne
854 4003 1010 4085 disperdet
1030 4005 1122 4068 oriie:

327 4114 361 4168 85
379 4113 468 4174 Teios
490 4121 562 4174 tune
581 4113 692 4194 pariter
712 4112 823 4174 fuimus
844 4132 901 4174 nos
923 4115 1010 4194 eopia
1031 4115 1146 4196 triplex,

378 4223 477 4284 instar
497 4239 554 4301 epo
576 4239 693 4302 cepme,
715 4222 830 4284 similes
851 4224 1023 4304 pastoribus
1046 4225 1098 4296 iiii,

378 4331 545 4395 Prseoiooti
566 4331 638 4394 hino
659 4339 747 4412 utque
768 4332 838 4396 inde
858 4351 963 4413 spoeu.
1007 4333 1063 4396 iiio
1084 4335 1212 4399 exuaris
1235 4337 1312 4400 ooeii
