3224 5166
105 419 109 546 i
608 413 789 466 runcaronn
806 417 843 466 vr.
1244 415 1249 424 ·

105 598 109 636 ¹
184 645 215 697 lo
232 631 388 710 Quemque
410 638 496 692 tuem
518 631 613 694 ocadis
635 640 723 712 atque
744 633 875 714 undique
893 635 1158 716 circumspectans,

231 741 381 820 uncaque
401 741 580 819 promittens
602 761 619 803 a
638 742 756 804 cunctis
778 743 853 804 iiber
874 744 999 808 abibaru.

274 851 330 912 Hic
351 851 521 920 burricus,
543 850 595 929 qui
610 849 673 912 sub
695 851 757 912 iera
777 851 897 916 brachia
918 850 1007 916 Germ

232 960 274 1022 be
296 959 396 1021 Taceo
419 958 572 1031 occubuit,
594 959 669 1032 vidi,
693 959 804 1040 quique
826 962 935 1041 impete
957 980 1049 1025 coeco

232 1067 342 1132 licetee
365 1067 435 1130 dum
457 1068 640 1146 insequitur,
663 1069 833 1149 subjectum
853 1070 956 1150 lapsus
977 1073 1006 1132 in
1029 1092 1144 1135 amnem

185 1191 216 1244 15
232 1176 396 1240 interdum
417 1179 514 1240 anima
535 1178 633 1256 periit.
675 1179 731 1240 iiic
752 1195 820 1242 cum
841 1199 931 1259 prece
951 1181 1060 1244 blanda

233 1286 377 1348 Attollens
399 1287 512 1366 palmes
533 1286 694 1350 Fniearcus
715 1297 857 1368 utrasque
879 1289 1046 1360 Novacum,

233 1396 294 1457 Nec
316 1415 377 1458 non
395 1396 525 1458 -Prsanus
549 1404 687 1469 testatus,
709 1405 831 1476 pectore
853 1399 922 1460 torti

232 1504 412 1568 burencourt
434 1505 597 1568 eminuisse
618 1505 746 1578 bonum,
769 1507 919 1582 tardabam
941 1516 972 1570 et
993 1509 1064 1570 Uest

232 1613 298 1675 Vidi
320 1613 447 1676 animam
468 1613 604 1687 comitis;
626 1614 836 1694 disjunctaque
857 1635 984 1696 corpore
1006 1618 1074 1679 ob'
1066 1633 1140 1681 narn

182 1735 216 1788 tu
233 1722 337 1803 Atque·
349 1741 450 1785 acrem
471 1722 625 1794 iuvidiam,
648 1724 725 1786 sicud
745 1725 877 1798 dicebat,
900 1734 928 1788 at
949 1726 1009 1790 ulta

233 1831 353 1911 Absque
375 1851 428 1896 sua
450 1831 552 1911 cudpe,
575 1831 663 1894 nobis
685 1834 893 1897 animeaitera
913 1836 993 1898 venit

233 1940 335 2004 Obvia.
377 1941 441 2020 ligo
461 1941 585 2004 Parnon
605 1943 800 2006 baiocences
822 1944 902 2006 bunc
923 1965 992 2007 esse
1013 1945 1152 2008 monebo.

232 2055 327 2130 Atque
350 2051 400 2112 bic
420 2059 609 2130 praecaveat,
632 2062 772 2132 superest
793 2054 863 2116 dum
885 2055 956 2124 vita,
978 2054 1132 2118 Benacum

232 2160 359 2238 Regina,
383 2179 417 2222 ec
438 2160 562 2232 videat‚.
576 2179 613 2222 ne
635 2161 721 2240 pejor
741 2181 775 2224 se
797 2170 915 2224 manem
935 2179 1013 2238 grex,

180 2277 215 2329 to
275 2268 362 2330 Omni
383 2287 431 2332 mc
453 2279 612 2349 postquam
634 2270 756 2332 dissolri
779 2271 911 2332 exercitu
931 2290 1032 2334 earum
1344 2245 1349 2454 Ι

231 2377 407 2440 Umbrarum
429 2386 580 2452 orantum,
603 2387 637 2440 ut
656 2381 789 2459 requiem
811 2380 869 2442 sibi
890 2381 1026 2460 supplice
1047 2400 1119 2443 voce

105 2453 110 2661 Ι
234 2486 452 2560 draconarii,
475 2487 514 2550 ob
537 2507 625 2567 quani
647 2491 756 2552 sanctis
778 2509 846 2552 esse
867 2490 970 2552 liceret

234 2597 343 2666 Ocius,
366 2596 415 2657 bic
437 2598 538 2676 coepi:
562 2597 587 2658 0
609 2617 676 2660 mee
696 2598 760 2672 iux,
784 2600 923 2661 docuisse
944 2600 1060 2662 videtur

234 2707 363 2768 Omnino
385 2715 434 2768 tua
456 2706 538 2768 Musa
559 2707 626 2768 ioco
648 2726 709 2769 uon
727 2727 822 2787 ,posse
843 2710 994 2787 precando
1093 2747 1098 2754 -

182 2825 216 2876 eu
232 2816 304 2878 Fata
324 2816 378 2878 Dei
400 2817 495 2890 beeth
518 2823 615 2878 umen
637 2817 667 2879 id
690 2835 773 2895 gens.
784 2818 841 2879 ieta
862 2818 995 2895 rogabat.

233 2925 355 2987 Fnrstra
378 2942 448 3003 crgo
470 2925 501 2988 bi
523 2923 668 3004 sperent?
686 2926 733 2988 bn
756 2945 816 2988 non
836 2925 915 2988 bene
937 2927 1047 3008 scripta
1069 2936 1224 3007 patescunt

233 3033 272 3096 bii
294 3031 429 3096 tua?·-
449 3035 517 3098 et
509 3055 535 3096 rs
558 3042 675 3097 cauma·
698 3037 731 3097 Si
753 3036 993 3115 contemplabere
1015 3055 1087 3098 sana

234 3143 305 3204 Rem
328 3145 446 3224 penitus
467 3152 581 3217 mente,
604 3151 651 3206 est
672 3145 768 3208 facilis
790 3145 955 3224 plenusque
977 3163 1110 3208 mennam

106 3264 111 3403 Ι
235 3254 419 3332 Scriptorum
442 3273 566 3324 sensus,
588 3271 685 3334 neque
708 3271 760 3316 eos
783 3271 853 3332 spes
875 3252 950 3315 ludit
971 3255 1079 3316 inanis.

106 3419 109 3445 ,
183 3372 216 3424 dd
233 3361 365 3440 Namque
386 3363 465 3426 haud
489 3362 643 3426 descendit
663 3363 804 3444 majestas
825 3381 941 3426 summa
962 3365 1084 3442 superni
1341 3399 1345 3484 Ι

231 3471 357 3545 ludicii,
380 3472 449 3534 dum
472 3473 562 3534 corda
583 3473 741 3534 urebaris
762 3472 848 3549 ignea
867 3473 994 3534 amoris·

233 3579 298 3642 Uno
319 3581 380 3642 ictu
402 3581 548 3651 absolvat,
572 3582 652 3660 quod
670 3581 775 3661 jussus
798 3581 912 3644 solvere
935 3581 1031 3650 debet.

235 3690 410 3769 Quicunque
427 3691 481 3760 bic
503 3690 640 3754 stabulat
684 3691 742 3752 Sed
764 3699 797 3752 ut
818 3699 864 3752 cst
885 3692 1045 3760 sententia,
1068 3683 1155 3756 nenio

233 3797 317 3860 Vitae
338 3799 514 3862 emendabat
534 3800 642 3862 veteris
663 3800 818 3862 malefacta
838 3801 1006 3879 precanum

104 3960 108 3978 ,
181 3916 217 3969 to
233 3907 367 3987 Namque
389 3907 480 3970 beo
472 3927 651 3972 immensum
672 3909 844 3990 sejunxerat
864 3910 1048 3972 intervallum
1117 3911 1119 3918 “

103 3985 108 4108 i
235 4016 385 4079 Orantem
427 4018 466 4081 et
487 4037 557 4082 vero
579 4019 670 4080 unda
693 4017 819 4080 obducta
840 4017 972 4080 mnebrie

232 4125 315 4187 bicta
336 4143 442 4196 arr-cana
463 4127 535 4190 mibi
557 4146 596 4190 rae
618 4127 741 4190 obiinm
764 4135 843 4190 certa
865 4137 977 4206 putare,

231 4233 268 4295 b'i
290 4235 375 4314 priue
397 4237 426 4300 id
446 4237 569 4306 doceat.
593 4255 669 4316 quae
691 4237 741 4299 lux
762 4237 851 4298 micat
872 4237 951 4298 inter
971 4245 1124 4314 utramque
1341 4228 1345 4286 i

232 4344 299 4406 Veri
322 4345 471 4424 animique
494 4347 588 4408 facem
611 4345 717 4408 nostri.
759 4348 855 4425 Atque
878 4345 927 4408 bic
949 4345 1068 4416 nescio,
1090 4364 1128 4406 en
1149 4346 1228 4408 istud
1342 4324 1345 4452 Ι

1341 4460 1344 4499 ι

101 4531 1035 4566 Ψψ--ψ-ρψψηω-..ῇ-
1041 4542 1136 4550 -.
1140 4503 1344 4562 ,Ἧι
