3124 5170
755 385 1494 630 rnrernoffiffi

338 670 371 724 5⁵
389 663 422 725 Si
444 662 520 726 beno
542 661 574 723 id
595 661 700 742 agnovi
718 661 868 742 jucundae
890 669 1024 742 tempore
1045 660 1132 724 ritae.

387 773 425 835 Et
446 771 505 834 nisi
526 780 586 834 tani
607 771 706 834 subito
729 770 905 836 clausissem
926 771 1038 834 lumina
1058 777 1164 840 morte,

388 882 461 946 Cum
483 881 537 943 u'bi
559 881 702 944 vidissem
723 879 840 945 eoelum
861 880 906 943 sio
927 898 996 942 esse
1016 879 1187 968 benignum,

387 990 503 1072 lnoepti
524 991 659 1052 hortator
680 1008 798 1072 queque
820 989 1037 1070 consiliumque
1059 990 1193 1056 inissem.

387 1102 441 1162 Ast
462 1101 512 1164 illo
534 1101 666 1180 ingratus
687 1100 816 1180 populus
836 1099 1005 1180 mentisque
1026 1099 1182 1179 malignae,

338 1215 371 1268 ut
388 1211 492 1272 Editus
514 1210 635 1290 antiqua
656 1210 774 1274 Frento
795 1210 846 1289 qui
869 1209 905 1271 ah
928 1207 1043 1286 origine
1064 1209 1145 1272 venit

388 1319 538 1382 Hactenus
561 1325 648 1400 atque
672 1327 753 1382 tonet
773 1326 912 1382 montana
934 1327 965 1381 et
985 1337 1073 1382 saxea
1096 1319 1195 1392 corda,

389 1428 485 1509 Saepe
506 1427 561 1490 tibi
584 1427 710 1490 infestus
730 1435 854 1508 proptor
873 1427 1030 1492 benefacta
1051 1428 1170 1501 redibit,

388 1539 538 1601 Exercens
560 1537 648 1612 edi03
671 1555 706 1601 eo
727 1537 850 1608 merito,
873 1556 971 1630 neque
993 1538 1073 1600 enim
1095 1557 1201 1620 aspero
1223 1543 1314 1606 noum

389 1649 471 1710 luter
491 1645 580 1711 sorba
603 1647 689 1710 donet
709 1646 788 1710 dulei
810 1647 956 1712 ditescere
978 1649 1086 1714 fluctu.

339 1765 372 1819 ut
388 1759 478 1822 Fama
499 1765 584 1822 retus
605 1775 728 1820 euenum
750 1757 829 1820 hune
849 1767 966 1820 roeat..
988 1757 1110 1832 lurida,
1133 1778 1235 1834 arara,
1257 1761 1386 1842 superios

390 1869 468 1930 Gens
491 1875 551 1942 est3
574 1867 621 1928 lae
642 1877 776 1946 praestes
798 1875 828 1930 te
848 1885 955 1948 purum
975 1867 1109 1930 moribus
1132 1869 1247 1932 honum.

390 1977 450 2040 Sed
472 1982 584 2038 tanmm
605 1977 724 2040 fortuna
746 1975 801 2039 tibi
823 1985 872 2040 tua
893 1977 1166 2052 servationem,

389 2086 495 2149 Esuris
515 2096 549 2150 ut
568 2097 728 2166 superante
750 2085 791 2149 tui
814 2105 883 2168 pars
905 2095 1029 2170 utraque
1051 2087 1092 2150 sit
1113 2095 1141 2150 te

390 2196 550 2277 Optatura3
572 2195 625 2258 sed
647 2215 664 2258 a
685 2203 784 2258 rostro
805 2198 857 2262 liet
878 2197 981 2277 procul
1003 2196 1105 2260 herba.

339 2315 373 2368 7⁰
388 2307 457 2387 lpsa
480 2305 539 2368 sibi
561 2305 599 2370 de
620 2324 655 2368 se
676 2305 830 2370 Fssunnrn
851 2305 991 2372 ammalia
1013 2314 1143 2370 stramen

388 2415 542 2488 illiciant,
565 2426 596 2480 et
616 2416 643 2480 si
665 2433 722 2496 qua
744 2434 798 2478 sua
819 2415 897 2480 inter
918 2423 1050 2480 stercora
1071 2417 1173 2497 planta
1218 2457 1224 2472 ·

390 2525 491 2605 Surgit
512 2525 622 2600 adhuc,
645 2525 727 2588 illam
747 2535 871 2606 pareant
893 2525 1081 2605 contingere,
1103 2525 1155 2590 ubi
1177 2525 1286 2590 aunum

390 2636 499 2698 Semen
519 2635 709 2698 Romulidum
728 2635 892 2716 reliquum,
915 2635 1060 2700 cunabula
1080 2645 1240 2717 postquam

388 2743 545 2825 Nequitias
566 2753 666 2808 tantae
689 2745 808 2808 luerunt
828 2744 985 2820 fabricata,
1008 2745 1127 2809 reuirat

339 2865 372 2922 tt
431 2853 559 2928 Tamtu,
580 2853 652 2916 huie
672 2855 832 2934 respondi,
854 2854 883 2918 si
903 2855 992 2936 plane
1013 2854 1149 2918 habitura
1172 2855 1300 2920 luissent

389 2964 462 3026 Vota
483 2982 550 3028 men
571 2975 724 3038 eventum,
746 2964 878 3028 nondum
899 2973 1003 3028 neuun
1026 2965 1134 3030 luisset

388 3075 478 3136 tussa
499 3081 550 3136 ma
570 3073 659 3138 exilio
681 3074 817 3138 mortalia
837 3074 973 3155 linquere
996 3075 1105 3138 saecla.

347 3189 356 3208 ·
388 3182 463 3246 Nam
480 3168 579 3258 subit,
593 3191 691 3264 atque
711 3184 785 3248 milri
807 3203 859 3249 oor
880 3183 972 3250 imum
993 3184 1100 3264 affligit
1119 3184 1217 3264 imago

389 3292 464 3356 (lara
484 3301 609 3374 paterna
630 3293 688 3368 tui,
710 3295 816 3358 erebro
837 3295 989 3375 praeclara
1012 3294 1156 3368 docentis,

338 3409 372 3464 80
389 3403 463 3466 uun
484 3403 565 3468 vesei
587 3403 618 3466 in
640 3412 718 3468 terra
740 3404 825 3468 licuit
846 3403 984 3467 vitalibus
1006 3405 1096 3477 auris,

389 3513 425 3576 Ut
447 3513 571 3586 scirem,
595 3531 654 3594 quo
676 3513 803 3593 quisque
824 3515 913 3578 modo
935 3533 988 3576 sua
1010 3513 1130 3578 nomina
1153 3513 1184 3576 in
1206 3531 1309 3578 aerum

389 3623 548 3686 Aeternum
570 3622 717 3685 extendat
761 3623 860 3696 Quare
883 3641 970 3704 quarn
991 3633 1074 3703 grata
1097 3623 1231 3686 veluntas
1356 3707 1367 3718 ·

389 3733 436 3795 lle
456 3731 511 3795 tibi
533 3731 707 3812 conjungat,
731 3732 801 3796 dnm
822 3741 882 3796 stat
901 3733 974 3796 milri
996 3733 1069 3806 vita,
1092 3751 1218 3796 neeesse
1239 3740 1295 3806 est,

389 3841 447 3904 Per
467 3849 600 3904 nostram
621 3851 653 3904 ut
671 3842 770 3922 possit
790 3842 886 3924 quivis
907 3842 938 3906 id
960 3861 1086 3906 noscere
1106 3839 1248 3922 tingitani.

340 3967 373 4022 35
391 3953 474 4026 Quae
496 3969 585 4012 eursu
606 3969 709 4016 narras
731 3953 769 4016 tle
790 3961 908 4026 nostro,
931 3953 1006 4016 liaeo
1026 3953 1142 4016 undere
1164 3949 1286 4032 seriptis
1547 3961 1548 4021 t

389 4061 580 4141 sumopere,
603 4069 691 4142 atque
713 4061 772 4124 alio
794 4061 871 4125 libre
892 4061 1067 4128 illustranda
1088 4059 1225 4142 relinquo

390 4171 501 4235 Cunota
523 4189 606 4234 meae
628 4171 788 4246 Dominam
810 4171 838 4234 si
859 4191 960 4236 eoram
981 4171 1100 4236 adstare
1121 4169 1233 4244 iicebit,

348 4253 358 4266 ·
389 4279 470 4350 llaec
491 4280 576 4344 solet
618 4279 652 4344 ld
674 4288 786 4346 tanturn
807 4280 896 4361 cupio
917 4281 972 4344 tibi
994 4282 1124 4362 pandere
1146 4287 1264 4361 aperte:
1546 4327 1547 4382 ἐ

390 4391 463 4454 oum
486 4389 559 4452 mihi
581 4409 643 4456 nou
665 4390 753 4456 latret
772 4390 870 4456 verbis
890 4409 976 4458 mens
997 4390 1119 4456 oonsoia
1141 4388 1260 4461 amaris,
