3136 5164
86 562 89 635 l

86 710 89 851 l

86 938 88 975 l

86 1068 89 1129 l

86 1208 89 1246 l

86 1262 89 1345 l

86 1376 89 1473 l

86 1480 89 1568 l

86 1616 89 1809 l

86 1876 89 2051 ¹

87 2410 90 2472 l

87 373 91 551 1
603 419 737 470 rnnlulsl
758 419 792 469 lv.

87 640 89 653 '
199 641 294 702 Posse
315 637 480 700 videbatur.
504 669 544 682 -··
565 637 696 699 Danielis
718 655 802 700 more
823 637 954 700 lisanam

194 751 252 812 lisa
276 757 331 820 est,
355 749 405 828 qui
427 749 506 826 regis
528 755 648 827 soeplro
670 747 819 826 Babylona
842 749 972 810 tenentis

86 904 88 927 .
194 860 272 921 lram
295 859 441 930 dissolvit,
464 857 594 920 violenta
617 865 648 918 el
668 857 769 938 inique
789 856 935 937 jubenlis.

86 1006 89 1031 .
147 989 176 1042 15
194 971 290 1048 Atque
312 967 366 1030 aii:
392 967 475 1028 Haud
498 985 546 1030 me
565 967 629 1047 jam
650 966 727 1028 lallil
747 977 777 1030 le
798 966 870 1028 bino
892 966 962 1028 inde
984 977 1165 1048 retorquens
1271 994 1273 1000 ’

195 1079 272 1141 Cura
293 1075 404 1156 duplex
424 1095 531 1156 pressa
553 1075 641 1150 inlus,
664 1087 698 1138 ul
714 1083 796 1138 enlra
818 1076 899 1138 nulla
920 1085 1062 1156 paleseal.
1135 1077 1142 1092 '

238 1188 282 1250 'ln
305 1186 350 1248 sie
373 1185 541 1248 concludis:
564 1173 646 1248 Bona
670 1185 696 1247 si
718 1185 825 1247 durare
846 1186 983 1248 voluntas

196 1298 282 1360 Certa
305 1305 359 1368 est,
382 1313 438 1358 eur
457 1313 588 1375 unquam
611 1295 733 1357 alterius
754 1294 894 1358 violenlia
915 1297 1014 1375 possit

197 1406 387 1468 lmminuisse
409 1404 531 1466 modum
553 1402 692 1466 meritis?
714 1405 783 1466 ribi
805 1406 946 1468 etaltera
971 1425 1041 1468 eura

147 1533 180 1586 eo
196 1516 333 1598 Subjeeil
353 1515 507 1590 stimulosa
529 1515 573 1577 ila
593 1515 674 1576 enim
695 1532 830 1578 remeare
853 1515 991 1578 videnlur

86 1702 89 1715 Ι
195 1627 239 1688 bd
263 1625 364 1687 stellas
387 1625 512 1702 animpe
533 1633 568 1686 ul
588 1623 735 1688 sententia
758 1625 858 1704 prisea
879 1625 1011 1688 Platonis

195 1737 306 1798 lonnit.
349 1735 409 1796 ista
430 1743 553 1810 gravant
573 1733 690 1822 aequali
711 1735 845 1814 pondere
866 1745 997 1798 mentem

86 1828 89 1867 ¹
196 1845 385 1926 uineaeque
408 1844 477 1906 inan
500 1844 563 1906 toa.
607 1844 715 1918 onae,
739 1863 814 1924 qun
836 1853 966 1908 exuens
988 1844 1082 1908 ranan

197 1957 275 2018 Sunt
295 1954 358 2028 libi,
383 1954 527 2033 queisque
550 1953 654 2016 subest
674 1953 743 2033 plus
764 1953 853 2027 sellis,
876 1954 971 2034 prima
994 1957 1152 2018 resolvam.

147 2077 179 2129 ‘lb
240 2065 299 2138 Qui
321 2063 390 2144 plus
412 2081 449 2124 ex
470 2063 627 2143 Seraphim
648 2081 718 2125 sese
740 2064 935 2126 transformat
956 2065 1081 2128 eandem

196 2175 231 2236 ln
253 2175 393 2254 speeiem,
417 2193 433 2236 a
454 2189 523 2235 vera
546 2189 633 2253 quam
655 2173 736 2234 duell
758 2172 886 2252 imagine
907 2174 1001 2254 patris

197 2283 347 2365 Supremi
370 2283 481 2356 Moses,
505 2281 625 2344 Samuel
646 2293 735 2362 alque
758 2282 809 2344 ille
830 2283 972 2356 loannes,

196 2395 265 2456 Non
287 2393 379 2455 blaria
402 2400 533 2472 excepta,
556 2399 589 2454 lu
611 2401 711 2454 ulrum
730 2391 814 2465 velis,
838 2391 924 2472 elige,
947 2391 1026 2464 dioo,

198 2503 293 2568 Nemo
316 2502 393 2574 aliis,
415 2502 535 2564 animae
557 2519 646 2581 qnam
667 2501 746 2576 illae,
769 2520 892 2583 qaenam
916 2521 969 2564 ore
990 2503 1118 2566 ridenda

150 2622 182 2676 ³⁰
198 2615 265 2677 llus
286 2621 490 2686 ocemrerunl,
512 2611 644 2674 scamnis
666 2611 807 2692 considit,
829 2620 953 2676 elaero

198 2725 293 2786 Nemo
314 2723 415 2784 minor
434 2721 533 2794 lueril,
556 2739 615 2784 neo
634 2688 797 2798 grandiori
816 2721 956 2785 omnibus
978 2741 1055 2786 unus

197 2833 253 2896 list
274 2831 368 2905 loeus,
391 2839 481 2912 alipio
502 2830 592 2892 simul
613 2831 711 2912 primo
734 2830 807 2894 dant
828 2829 941 2910 luigero
963 2832 1059 2905 coelo,

200 2943 289 3016 Quod
312 2942 463 3014 decorem,
486 2940 597 3004 enneli.
641 2941 701 3004 Sed
724 2941 861 3022 quisquis
884 2941 1003 3022 dispare
1024 2960 1129 3004 norma

199 3053 322 3116 Iluleem
346 3051 388 3112 ibi
411 3051 473 3129 agit
491 3051 593 3124 rilem,
614 3058 706 3131 prout
726 3051 822 3129 tangit
843 3051 970 3133 plusque
992 3053 1150 3132 minusque

152 3168 183 3222 ³5
199 3165 360 3226 belemum
381 3162 438 3222 bos
460 3161 580 3224 damen.
623 3159 663 3222 Se
685 3161 736 3224 hie
757 3161 918 3225 exhibuere
939 3161 1082 3224 videndas

199 3273 272 3336 lllae
294 3271 422 3344 animae,
444 3287 506 3332 non
528 3272 608 3352 quod
631 3271 760 3352 sphaera
781 3272 857 3334 been
878 3279 961 3334 sorte
983 3270 1092 3350 obtigit
1111 3271 1197 3352 ipsis,

199 3386 254 3444 Ast
276 3392 309 3443 ul
329 3388 523 3461 quaerentem
545 3380 689 3442 eoeleslia
705 3399 832 3461 ¹scamna
854 3381 1007 3455 docerent,

201 3493 285 3566 Quae
307 3490 407 3552 minus
428 3491 623 3552 adscendunt.
665 3491 800 3571 Namque
822 3491 898 3552 baeu
919 3490 984 3552 sola
1006 3498 1073 3570 apte
1095 3490 1215 3572 loquela
1321 3527 1324 3543 ·

199 3601 254 3663 Est
274 3609 374 3664 vestro
397 3599 528 3679 iugenio,
551 3600 632 3680 quod
653 3609 767 3662 mulum
790 3619 807 3662 a
828 3599 969 3665 sensibus
990 3599 1098 3673 haurit,

151 3717 184 3770 lo
200 3713 283 3786 Quae
306 3711 433 3790 posthae
450 3710 547 3772 'menti
570 3709 716 3772 committi
738 3711 826 3788 digua
848 3718 1009 3790 putantum

202 3823 269 3895 Quo
291 3820 387 3898 magis
407 3818 542 3899 indulget
561 3827 661 3882 restro
683 3819 838 3900 Scriptura
858 3819 963 3898 vigeri,

200 3931 316 4011 Datque
338 3929 491 4010 pedesque
513 3947 677 4009 manusque
698 3929 772 4004 ileo,
795 3938 826 3992 et
847 3929 996 3992 contraria
1018 3949 1089 3993 vero

199 4040 318 4120 decipit
338 4041 414 4101 baec
436 4038 532 4102 aliter.
577 4038 628 4102 Sie
650 4047 752 4102 sancta
775 4039 904 4104 ecelesia
925 4039 1023 4120 pingit

201 4151 262 4212 Sub
285 4150 367 4211 vultu
388 4150 518 4212 humano
540 4149 717 4223 Gabrielem,
739 4149 874 4214 membra
894 4149 1031 4214 bliobaeli

151 4273 184 4326 de
200 4260 351 4342 Appiugit,
375 4260 420 4321 sio
440 4268 470 4322 el
488 4259 574 4340 jusso
596 4277 703 4322 maere
725 4259 862 4323 Tobiam.

90 4402 92 4410 v
242 4371 310 4432 Nou
331 4369 410 4432 bano
431 4369 483 4432 ille
504 4369 583 4432 viam
602 4370 697 4434 voluit
717 4371 833 4434 calcare
856 4370 1007 4444 Timaeus,
