3124 5170
76 820 78 843 ,
140 773 171 824 tu
188 765 387 844 secretasque
410 761 472 823 rias
494 762 576 835 novi,
601 770 631 824 et
653 763 698 824 sio
720 764 819 824 omnia
841 766 923 826 vafre

76 916 78 931 .
186 872 321 952 Digessi,
344 881 483 934 externas
503 880 535 933 ut
557 873 634 934 fama
658 873 753 935 exiret
774 873 806 934 in
828 873 927 935 nrbes.

76 958 78 1021 ἷ
186 981 224 1043 dt
246 981 335 1044 simul
358 981 463 1044 aetatis
485 1001 532 1044 mo
554 982 616 1045 ridi
637 982 770 1044 limine
762 1002 794 1044 ιιι
814 983 877 1056 illo,

76 1107 78 1129 ³
186 1092 221 1152 ln
244 1112 303 1173 quo
327 1091 433 1170 auique
456 1093 534 1154 soret
554 1091 648 1154 satius
672 1093 819 1154 deducere
841 1092 915 1164 velo,

76 1230 78 1239 v
187 1202 335 1280 Colligere
359 1202 511 1276 otiores,
534 1210 740 1274 tunorerom,
764 1221 839 1281 quae
861 1212 929 1264 anto
951 1203 1118 1282 pinsebant,

76 1290 78 1311 ¹
139 1324 170 1376 75
185 1312 242 1373 Est
262 1311 335 1373 mihi
357 1321 542 1392 pertaesum,
565 1312 705 1373 noniesso
728 1311 851 1373 erimina
874 1312 950 1373 vitae

76 1427 78 1445 '
187 1423 301 1484 Cuuota
323 1430 354 1483 et
375 1429 482 1483 testato
504 1440 553 1482 me
574 1423 761 1501 poenituisse
782 1422 945 1496 maiorum

75 1531 78 1548 ⁸
186 1533 284 1610 Atque
305 1529 394 1604 haee,
417 1550 466 1592 me
486 1529 643 1592 miserum!
663 1530 790 1610 juvisset
810 1549 896 1593 versa
918 1532 1063 1594 voluntas.

77 1632 78 1641 ’
187 1641 333 1721 Princeps
356 1651 526 1702 nostrorum
547 1659 642 1702 novus
664 1642 722 1702 isto
743 1640 972 1702 iharisaeorum

188 1749 355 1831 Tempore,
379 1769 437 1830 quo
456 1751 538 1831 juxta
559 1751 738 1820 Lateranum
760 1750 839 1811 heila
861 1751 991 1829 gerebat,

138 1877 171 1930 sn
186 1860 283 1921 Νοιι
272 1878 334 1941 Jam
355 1860 480 1922 Judaeis
499 1860 651 1933 insensum
674 1879 730 1922 neo
753 1861 926 1934 Saracenis·

172 1969 389 2032 christiadum
411 1989 479 2032 uam
502 1982 588 2049 gente
609 1979 691 2032 satos
713 1970 771 2031 sihi
795 1971 917 2032 duxerat
937 1971 1050 2042 hostes,

77 2058 80 2077 ¹
187 2080 226 2142 Et
246 2099 371 2142 numero
394 2099 429 2141 ex
452 2080 503 2140 illo
526 2098 614 2142 nemo
637 2088 860 2159 oppugnaverat
879 2079 979 2152 Amin,

187 2189 282 2252 Nemo
305 2197 453 2252 mercator
473 2189 588 2252 Sultani
610 2190 770 2252 intraverat
789 2189 896 2262 urbem

78 2280 80 2301 ’
187 2299 250 2360 Nee
272 2318 420 2362 summum
442 2299 560 2379 imperii
582 2319 705 2373 munus,
727 2317 784 2360 neo
805 2298 966 2360 chrismata
988 2316 1073 2360 sacra

78 2416 79 2435 ¹
139 2419 171 2474 85
187 2410 221 2471 in
244 2429 278 2470 se
300 2409 446 2490 respexit,
470 2427 526 2471 neo
548 2410 627 2490 quod
648 2417 771 2472 tenuare
793 2407 956 2488 capistrum

188 2519 381 2581 Praecinctos
403 2519 524 2592 solets
516 2538 548 2581 m
567 2537 615 2580 me
637 2519 741 2581 habuit
761 2519 902 2599 duxitque
923 2518 1094 2580 verendum.

189 2630 297 2692 herum
319 2638 352 2690 ut
373 2631 561 2692 Srovasruou
583 2628 730 2691 inclusum
752 2630 875 2690 Soracte
897 2627 1003 2708 petivit

190 2739 429 2810 consuamus,
453 2747 485 2800 ut
506 2757 522 2800 a
544 2739 626 2818 lepra
649 2758 682 2800 so
704 2739 836 2802 mitteret
856 2738 918 2800 aori

188 2850 317 2911 Sanum:
341 2849 382 2910 ita
405 2857 437 2910 ut
458 2859 488 2909 et
508 2848 566 2909 sihi
589 2849 766 2929 praeceptor
788 2848 925 2910 febrim
916 2867 982 2929 ipse
1004 2849 1165 2929 superbam

139 2972 172 3024 9⁰
188 2960 349 3032 Saoarem,
371 2977 420 3020 me
442 2958 601 3020 consuluit.
644 2959 715 3020 Mihi
738 2957 874 3020 saucibus
895 2959 1002 3020 haesit*

188 3069 250 3130 Vox
271 3077 371 3142 muto;
394 3067 439 3129 sio
461 3068 549 3130 rerba
571 3068 702 3130 hominis
724 3079 794 3130 sunt
815 3068 897 3130 ebria
920 3068 992 3130 visa.

187 3176 302 3240 Deinde
324 3177 436 3258 inquit:
459 3178 546 3240 Nullo
568 3179 719 3259 trepident
740 3177 794 3238 tibi
817 3179 906 3238 eorda
930 3178 1052 3253 timoret

76 3278 78 3305 ¹
188 3287 251 3348 Hae
273 3295 303 3349 ta
326 3287 447 3351 absolvo
471 3295 574 3362 tenus3
596 3288 778 3350 Praenesten
802 3289 951 3367 quomodo
974 3287 1089 3368 possim

187 3397 326 3470 Vertere,
349 3407 381 3459 tu
404 3407 516 3460 tanturn
538 3396 657 3459 doceas.
700 3399 771 3459 Mihi
794 3397 932 3460 oiaodere
954 3398 1079 3472 eoelum,

139 3519 171 3573 tto
187 3507 226 3568 Et
246 3525 382 3570 reserare
405 3507 521 3580 datum,
540 3507 603 3588 jam
625 3507 703 3582 scis3
726 3527 817 3587 quare
839 3507 913 3570 mihi
935 3507 1033 3570 elavos

189 3617 266 3678 Sunt
288 3616 437 3694 geminae,
462 3636 536 3696 quas
558 3617 608 3679 iiie
629 3635 734 3698 parurn
756 3619 846 3680 modo
869 3619 987 3680 iunctus
1009 3617 1125 3678 amavit.

231 3725 307 3788 Tum
330 3744 416 3804 grave
439 3725 585 3788 diotomm
607 3729 725 3807 pondus
747 3747 794 3788 me
816 3727 941 3807 pressit,
965 3737 998 3788 ut
1017 3727 1095 3788 ultra

188 3835 377 3899 Contionisse
398 3836 472 3899 mihi
493 3855 578 3899 rerer
598 3837 694 3915 magis
716 3839 808 3899 affore
830 3837 948 3899 damno.

783 4397 1306 4596 mi

77 377 400 506 i——fflm-
543 433 737 486 thraauuauu
754 435 840 487 xxvtt.
905 383 1142 394 *ww*

76 511 97 645 i
187 653 247 716 Sed
269 651 389 732 vulpem
412 652 520 714 iecere.
563 654 654 714 Astus
676 671 893 734 quoscumque,
916 655 1039 735 peritus,
100 387 1308 832 Ἶ

186 3949 284 4028 Atque
307 3945 348 4007 ita
370 3946 532 4027 respondi:
556 3946 703 4020 Quoniam
725 3965 788 4018 me,
811 3947 924 4010 crimen
946 3946 978 4008 in
999 3946 1080 4008 istud

121 4067 170 4119 tuo
185 4056 281 4120 iam
270 4073 333 4136 Jam
354 4056 524 4136 lapsarum,
547 4057 650 4130 Pater,
673 4055 783 4129 abluis,
806 4056 924 4136 aenipe.
947 4055 1069 4134 longum

185 4166 221 4226 Ιιι
242 4164 392 4245 promissa
414 4165 519 4238 abeas,
542 4165 702 4246 promissis
723 4165 824 4229 addito
847 4173 960 4230 curtam

184 4275 255 4355 ipse
276 4274 382 4348 ἢάιιιιι
405 4283 435 4337 et
456 4274 548 4337 moes
570 4283 653 4338 stans
675 4275 763 4338 alta
756 4295 786 4338 ru
809 4277 881 4339 sodo
902 4276 1094 4356 triumphum.

227 4383 282 4446 Ast
303 4383 353 4446 obi
375 4385 553 4448 Franoisous
575 4384 672 4463 gelida
693 4405 741 4448 me
763 4393 858 4449 morte
879 4386 1008 4448 solutum
