3136 5164
84 323 732 433 s———p—affintst
752 385 789 434 n.
1194 385 1256 448 3⁰3

399 477 430 482 -
450 475 662 484 -..--
985 481 1221 502 -.-..-.,.-...
1244 483 1290 492 -...

82 636 85 657 1
190 598 276 662 Haud
297 597 439 662 dubitatis
461 599 526 672 iter,
546 617 595 660 res
617 609 646 662 et
668 602 810 682 spectatis
831 602 952 666 inanes!

81 762 84 793 ,
190 709 286 788 Atque
308 727 380 770 ecoe
401 727 438 770 ex
459 708 518 770 illis
540 708 590 770 lux
612 709 711 782 altera,
734 729 827 792 seque
849 722 979 792 paratam

82 798 84 883 l
190 818 347 897 tndutgero
370 819 451 891 mint
471 819 632 900 jaculando
654 819 769 899 spicula
790 821 936 894 dammae,

81 906 84 981 1
189 928 383 991 Monstrabat.
427 929 504 990 Tum
526 929 632 1002 oculis,
654 937 687 991 ut
708 931 845 1009 primunt,
867 931 923 992 lira
945 931 1077 993 bearunt

81 1030 83 1083 l
144 1047 173 1100 15
189 1041 223 1102 ln
246 1059 304 1112 me,
328 1047 374 1100 sat
396 1039 511 1101 monuit
532 1039 688 1118 cupidum3
710 1048 798 1118 atque
820 1057 876 1118 ego
898 1040 966 1104 talia
987 1042 1066 1103 ludi:

80 1096 84 1197 1
190 1151 226 1221 0,
251 1167 372 1229 quaeso,
395 1167 460 1210 mee
483 1157 550 1210 vota
572 1148 668 1228 exple,
690 1150 793 1212 sortita
815 1147 930 1212 beatam

78 1204 85 1339 1
189 1261 286 1321 Vitam
308 1259 416 1330 anima,
439 1276 475 1321 ac
496 1265 609 1320 cortun
631 1258 724 1322 iacias
745 1277 794 1320 me
816 1259 848 1319 in
870 1269 899 1321 te
921 1261 1024 1322 intima
1046 1260 1145 1322 cordis

78 1368 80 1419 l
189 1369 284 1430 Posse
306 1378 506 1447 repercutere.
529 1399 570 1414 -
592 1368 672 1430 llaec
694 1387 768 1429 nova
790 1368 831 1430 nti
853 1368 903 1431 lux
923 1370 1077 1443 hactenus,
1100 1371 1160 1432 imo

77 1450 80 1575 ζ
188 1479 232 1539 Er
254 1487 368 1550 centro,
391 1477 470 1539 unde
492 1477 582 1540 dabat
602 1487 715 1552 cantus,
738 1480 826 1540 talem
848 1479 937 1542 edere
958 1497 1062 1542 vocem

77 1632 80 1689 q
140 1601 172 1652 2⁰
189 1587 305 1667 Coepit,
327 1605 411 1648 more
433 1587 488 1648 riri
511 1586 667 1666 gaudentis
689 1607 791 1650 amore
810 1588 948 1669 juvandi:

77 1734 80 1781 t
188 1697 241 1760 llla
264 1697 316 1759 ubi
338 1717 427 1778 prava
449 1696 539 1759 italae
560 1696 693 1776 regionis
714 1706 793 1759 terra
814 1699 939 1760 videnda

77 1788 80 1873 1
189 1807 342 1880 Considet,
364 1806 469 1868 urbem
491 1806 569 1869 intra
591 1807 733 1870 Venetam
754 1808 912 1888 sontesque
934 1807 1076 1870 minantis

78 1940 80 1967 t
188 1916 322 1978 bledoaci
344 1917 508 1990 ao.Plavis,
532 1916 609 1978 tollit
630 1935 663 1978 ee
684 1917 794 1978 vertice
816 1916 902 1978 collis

77 1974 80 2067 1
187 2025 254 2088 Non
277 2026 346 2101 alto,
369 2027 449 2088 unde
470 2026 542 2088 olim
564 2027 612 2088 lar
634 2033 682 2088 est
702 2027 832 2106 delapsa,
854 2027 939 2088 ruina

78 2158 80 2197 t
138 2151 170 2203 25
187 2136 335 2216 Aggressa
358 2137 469 2214 ingenti
491 2136 614 2198 vicinos.
658 2135 787 2198 Protulit
808 2153 866 2198 una

187 2247 234 2309 bie
256 2246 338 2308 radix
360 2246 518 2326 istamque.
562 2246 659 2307 locor
680 2246 836 2318 Goumara,
858 2253 888 2306 et
909 2245 999 2308 isthic

186 2355 308 2434 Fulgeo,
331 2356 411 2436 quod
434 2354 544 2436 placuit
563 2355 637 2416 mibi
659 2354 803 2434 splendor
824 2355 933 2418 sideris
954 2355 1053 2437 hujus.

187 2467 225 2528 dt
245 2465 319 2528 mibi
341 2483 445 2528 caussa
468 2483 561 2532 meae.
583 2483 643 2544 que
663 2463 768 2539 laetor,
789 2465 916 2528 mina
937 2466 1027 2528 sortis

187 2575 371 2653 lndulgenda
393 2576 481 2650 venit,
505 2575 590 2655 cujus
611 2593 673 2636 non
695 2575 808 2638 taeduit
828 2593 977 2656 unquam3

139 2699 171 2753 ao
188 2685 275 2758 Quod
297 2685 384 2748 lacile
405 2685 484 2748 baitd
506 2693 606 2746 vestro
628 2683 718 2745 luerit
738 2685 802 2745 lore
824 2685 949 2748 credere
969 2685 1068 2765 vulgo.

186 2794 309 2856 Laetitia
331 2794 406 2856 baec
426 2803 530 2856 nostro
553 2793 742 2874 praefulgens
764 2811 891 2874 caraque
913 2796 944 2857 in
966 2804 1056 2868 astro,

188 2904 331 2984 Quaeque
353 2905 522 2984 propinqua
543 2905 617 2966 mibi
638 2905 733 2983 magis
755 2912 811 2978 est,
833 2917 1026 2970 monomenta
1046 2907 1159 2986 pererit
1264 2925 1267 2940 ·

185 3013 335 3075 Permulta
357 3013 388 3076 in
409 3013 498 3076 terris
518 3031 656 3093 magnam
674 3014 854 3076 celebrantia
875 3015 993 3089 lamam,

185 3126 291 3202 Atque,
313 3123 486 3204 priusquam
508 3122 602 3197 abeat,
624 3123 675 3185 bic
692 3123 754 3203 jam
776 3125 956 3186 centesimus
978 3141 1074 3186 annus

138 3249 169 3301 35
186 3233 429 3313 Quintuplicatur
449 3233 556 3295 adbuc.
598 3233 685 3294 Nunc
706 3233 815 3307 disces,
837 3251 926 3312 quam
946 3233 1019 3296 utile
1040 3233 1127 3296 cedat

185 3343 305 3406 Viribus
326 3343 447 3421 ingenii,
470 3342 663 3423 padebrisque
685 3342 828 3406 excedere
850 3343 938 3404 lactis

185 3452 312 3526 blortali,
335 3461 368 3514 ut
388 3455 512 3532 primam
534 3453 624 3516 vitam
645 3472 720 3515 nova
742 3454 801 3516 vita
822 3453 979 3533 relinquat

227 3563 294 3624 Non
315 3562 383 3636 boo,
406 3581 494 3642 quam
515 3563 612 3643 majus
634 3562 820 3626 Tileventum
841 3564 1021 3644 Athesisque
1043 3571 1194 3628 recentem

78 2440 81 2511 l

78 2542 81 2637 l

78 2668 81 2713 t

77 2794 80 2923 l

76 2970 79 3029 l

76 3044 79 3089 t

75 3316 78 3377 l

75 3420 78 3495 l

1304 3600 1307 3645 t

184 3671 363 3749 Progeniem
384 3671 534 3746 claudunt,
556 3673 715 3736 meditatur
735 3683 857 3752 pectore
877 3673 980 3748 turba3
1304 3698 1307 3789 p

75 3764 77 3881 1
135 3793 168 3846 to
184 3781 255 3854 Nec,
279 3781 351 3844 licet
371 3800 459 3861 aspra
480 3791 596 3861 premat
618 3781 728 3855 clades,
750 3783 828 3844 banc
847 3785 983 3862 poenitet
1004 3785 1071 3846 acti.

76 3902 77 3919 ¹
184 3892 244 3954 Sed
267 3911 328 3954 non
351 3899 469 3970 tempus
491 3891 584 3964 abest,
608 3909 667 3970 quo
689 3909 763 3970 gens
785 3891 924 3955 Patavina
948 3893 1049 3972 paludi
1303 3820 1306 3971 1

75 3950 77 4097 1
183 4000 355 4064 immutabit
375 4019 478 4079 aquas,
502 4019 576 4080 quae
598 4000 826 4079 praeterlabitur
846 4019 933 4080 agros

75 4108 77 4166 i
182 4111 307 4190 Pergae,
326 4110 377 4191 jue
400 4117 504 4172 contra
524 4109 636 4189 populo
659 4111 691 4172 in
713 4112 776 4174 lera
797 4111 857 4174 lata
878 4112 990 4174 leroce.

75 4196 78 4301 1
182 4223 278 4301 Atque
301 4219 353 4282 ubi
374 4239 407 4282 se
429 4219 501 4281 sttis
523 4220 660 4297 Gaguano
682 4221 805 4284 llumine
825 4220 941 4294 miscet,
1303 4242 1306 4309 4

75 4330 77 4379 1
134 4333 166 4386 to
182 4329 314 4410 imperio
336 4328 488 4392 exetrltane
510 4329 586 4392 elata
608 4329 706 4392 lronte
728 4330 876 4412 superbus

73 4448 841 4542 Q—-ffl-
