3116 5162
68 446 86 579 i
546 471 807 524 mmcsoscuvu.

68 632 71 763 i
176 691 243 753 dem
265 689 365 765 veuit,
383 689 447 770 jam
470 690 687 772 praecipitant,
709 709 784 770 quac
807 688 906 751 sideru
929 689 1054 762 coelum,

68 767 72 895 Ι
130 805 161 858 ud
178 799 313 861 Primum
334 798 385 860 uhi
408 817 475 860 sum
497 799 618 862 molitus
641 800 713 872 iter,
737 798 939 861 conscendere
962 797 1039 869 vidi3

69 926 71 1005 p
178 909 241 971 Nec
263 927 347 972 mara
370 908 458 988 ionga
481 909 578 971 datur.
601 941 642 954 --
664 909 716 971 Sic
738 927 793 970 uos
816 907 1017 970 resciad'uuus
1038 907 1150 980 arbem,

69 1012 72 1041 ⁸
181 1019 420 1100 Oppositamquc
442 1035 526 1081 cram
548 1017 694 1100 petimus,
717 1035 794 1098 quac
815 1027 967 1096 premet
986 1016 1117 1098 amplum

69 1136 72 1211 t
181 1127 215 1190 in
236 1129 365 1201 iontem,
390 1127 441 1206 qui
464 1128 560 1190 iemct
579 1145 672 1207 aqua,
695 1145 821 1206 seseque
842 1126 1015 1198 reiundeus,

69 1224 73 1349 ἱ
181 1237 216 1299 Ιῐι
237 1239 352 1299 iussam
373 1235 530 1318 irrumpit,
552 1255 627 1318 sprec
648 1237 805 1298 humorem
827 1237 918 1298 sumit
937 1237 977 1300 ab
997 1236 1060 1298 itte
1093 1237 1098 1250 '

119 1357 164 1408 ιω
183 1345 254 1408 Pius
276 1344 369 1408 multe
391 1346 513 1409 obscuri
535 1347 685 1410 rescrebat
705 1346 825 1427 lympha
846 1345 968 1419 ceteris,

70 1502 73 1527 ,
183 1455 279 1528 Quam
302 1455 395 1518 rubri.
440 1455 525 1518 'iuuc
545 1471 618 1526 uos,
641 1455 728 1534 giisis
749 1454 961 1518 coniunctae
982 1453 1083 1527 undis,

71 1560 74 1607 t
180 1564 379 1645 Praeruptum
399 1585 455 1646 per
475 1566 534 1628 iter
554 1565 766 1628 successimus.
811 1565 876 1627 dite
898 1563 1017 1645 paludis

71 1656 73 1757 i
179 1677 309 1753 Stagna,
331 1675 427 1738 Suasa
449 1675 614 1756 appeliant,
637 1674 727 1738 triste.
746 1677 873 1738 educere
895 1675 1048 1744 fluentum,

178 1783 262 1846 Unda
284 1783 337 1845 uhi
358 1784 529 1863 migrantum
552 1793 599 1846 est
620 1783 758 1848 cummis
780 1785 887 1864 iiiapsa
908 1782 1047 1861 malignis

72 1878 74 1923 ¹
117 1908 162 1961 tac
179 1893 332 1974 iiiparum.
377 1893 453 1956 'ium
475 1893 527 1974 qui
549 1895 657 1975 cupide
680 1894 979 1975 speculatus'acutus

72 2028 74 2041 ·
179 2003 405 2066 contendebam
428 2003 547 2076 oculos,
570 2005 674 2083 vulgus
696 2004 868 2066 miserabile
890 2002 960 2075 vidi,

178 2111 296 2174 Nudum
318 2111 467 2184 membru,
489 2113 563 2175 ime
582 2115 752 2176 demersum
776 2113 904 2193 turpiter
923 2111 986 2184 iiic,

72 2240 74 2255 ¹
178 2223 215 2284 Et
235 2222 318 2283 vultu
340 2223 468 2286 omncs.
510 2221 559 2285 iiii
579 2222 658 2284 inter
679 2243 712 2286 se
733 2222 849 2304 preciis
871 2223 1013 2294 miscent,

178 2331 240 2393 Nec
260 2331 400 2393 manibus
422 2340 552 2404 umam,
575 2335 631 2404 sed
651 2333 777 2406 vertice,
800 2341 939 2414 pectore,
961 2329 1083 2411 plantis.

118 2447 163 2498 ltu
178 2441 349 2503 Caedebant
371 2459 441 2503 sese
461 2441 675 2504 obtruncantes
695 2441 834 2504 dentibus
856 2449 949 2503 artus.

72 2508 75 2557 l
219 2551 297 2613 'ium
319 2550 393 2614 mihi
415 2559 607 2632 praeceptor:
630 2551 704 2623 iiii,
727 2571 806 2614 nunc
828 2551 946 2632 aspice,
968 2549 1052 2622 dixit,

178 2661 300 2724 iliorum
322 2661 371 2724 iric
392 2661 523 2734 animas,
548 2679 623 2742 quas
644 2661 757 2723 vicerat
776 2662 907 2741 impetus
927 2662 1000 2734 irae,

178 2769 271 2851 idque
295 2771 385 2834 simui
401 2771 495 2851 jubeo
517 2777 547 2833 te
569 2779 652 2834 cestu
675 2772 814 2844 credere,
835 2771 953 2834 cubam

178 2879 269 2942 Hisce
291 2881 417 2942 subesse
439 2881 523 2942 vadis
545 2881 684 2962 suspiria
701 2882 793 2944 corde
814 2882 993 2953 trahentem,

119 2997 162 3050 tta
179 2991 263 3064 Quae
285 3007 459 3070 spumarum
481 2999 582 3053 aestus
605 2991 641 3052 ia·
659 3010 772 3053 summa
796 2991 923 3053 suscitat
943 2989 1035 3058 unda,

178 3101 215 3162 Ut
237 3100 292 3160 tibi
317 3108 443 3163 testatur
463 3100 560 3174 visus,
584 3119 761 3181 quocunque
785 3109 928 3180 pererret.

179 3211 271 3272 iiefixi
295 3211 366 3271 limo
389 3209 506 3274 dicunt:
530 3211 630 3291 Super
650 3217 719 3273 adra
741 3211 822 3272 dirici

179 3319 250 3380 Sale
271 3320 397 3382 hilarem
420 3319 530 3384 tuimus
552 3321 670 3394 tristes,
693 3321 745 3400 qui
764 3333 889 3400 pectore
911 3314 1025 3382 laudun

179 3429 322 3510 impacati
345 3429 411 3492 cdii
431 3431 544 3492 sumum
566 3431 816 3511 compressimus,
840 3439 871 3492 at
891 3447 971 3493 nunc

118 3553 162 3604 luc
177 3539 349 3601 diceremur
368 3539 423 3600 sub
446 3541 530 3602 icccc
551 3540 646 3619 nigra.
689 3541 754 3602 iicc
776 3541 807 3602 in
829 3547 946 3620 gutture
968 3555 1087 3600 cumen

180 3648 317 3728 Quisque
339 3646 401 3712 sibi
420 3657 547 3722 mussat,
572 3669 669 3730 nequae
691 3651 771 3712 euim
795 3659 841 3712 est
861 3649 942 3730 potis
962 3649 1054 3710 cdere
1076 3653 1182 3708 ictum.

220 3757 273 3818 Sic
296 3756 398 3835 stagni·
415 3757 559 3822 immurffi
580 3777 721 3838 maguum
742 3759 964 3839 peragravimus
985 3773 1086 3820 arcum

179 3865 294 3946 iiipam·
309 3867 388 3930 ister
409 3865 519 3930 siccam
543 3868 721 3949 foedamque
743 3869 900 3949 putredine
923 3869 1046 3940 iussam,

180 3977 324 4039 Conversi
347 3977 384 4039 ad
405 3977 522 4040 turbam
546 3977 652 4040 sordes
673 3978 794 4040 haurire
816 3987 959 4040 coactam.

73 4078 75 4109 ¹
120 4091 162 4144 lta
178 4085 312 4147 Tandem
336 4086 372 4147 ad
396 4087 514 4150 radices
535 4088 626 4150 turris
648 4088 822 4152 deverimus
844 4089 930 4151 altae.

72 4212 76 4331 i
