3136 5164
776 405 909 454 PthDiSi
929 406 964 454 vt.

251 600 254 737 ἱ
374 623 535 686 Fulserunt
556 623 642 696 sama,
667 641 755 703 mam
777 623 894 702 myrrha
918 639 1045 701 aspergo
1067 620 1206 684 libenter.

251 748 254 773 ¹
373 733 454 794 Haec
476 731 604 794 drabum
626 733 731 794 stravit
750 733 859 794 fastum
881 729 985 794 serilla
1008 739 1185 809 sequentum

372 841 557 914 Hannibalis,
580 842 693 920 gelidas
716 841 776 902 iilis
797 838 1005 920 rumpentibus
1026 839 1128 919 Alpes,

373 953 415 1012 Er
438 950 556 1030 quibus,
577 951 718 1021 Eridane,
741 949 853 1012 italicis
875 948 1009 1010 illaberis
1031 949 1120 1027 agris

322 1062 355 1114 55
373 1060 435 1121 Hoc
458 1061 542 1132 duce,
565 1059 662 1122 adhue
684 1060 768 1138 pueri
791 1069 821 1121 et
838 1059 975 1140 juvenes,
997 1059 1107 1120 duxere
1130 1057 1298 1140 triumphos

371 1169 473 1249 Scipio
496 1169 727 1250 Pompejusquo,
750 1177 781 1230 et
803 1167 872 1228 coili
895 1178 941 1231 est
962 1168 1025 1228 uisa
1047 1167 1183 1241 dolenda,

372 1278 434 1340 Sub
458 1297 517 1358 quo
539 1288 571 1340 tu
592 1279 706 1358 primas
728 1278 855 1340 hausisti
877 1275 1001 1338 luminis
1022 1296 1120 1339 auras.

372 1387 485 1449 Deinde
507 1402 602 1466 prope
624 1395 761 1460 aetatem,
785 1405 843 1465 qua
865 1386 957 1448 totius
980 1405 1038 1446 una
1060 1387 1196 1450 voluntas

373 1497 456 1568 Coeli
478 1497 614 1558 decrerat
635 1496 777 1558 mundum
800 1513 981 1574 componere
1003 1513 1086 1575 pace,

322 1622 355 1672 60
372 1607 471 1686 ipsam
494 1606 640 1686 corripuit
660 1605 779 1678 Caesar,
802 1605 895 1666 Roma
917 1603 992 1666 urhe
1013 1613 1147 1682 rogante.

371 1715 409 1776 Et
431 1715 512 1795 quid,
534 1723 754 1796 praetergressa
776 1715 894 1784 Varum,
917 1713 954 1774 ad
977 1714 1049 1776 vada
1073 1713 1205 1777 fluminis
1227 1735 1323 1798 usque

372 1825 490 1886 Fecerit
509 1825 584 1885 haec
606 1825 710 1898 Rheni,
733 1823 808 1886 satis
829 1825 910 1885 isara
934 1822 1007 1885 vidit
1028 1832 1059 1885 et
1079 1823 1158 1886 Hera

371 1933 569 2014 Sequanaque
591 1943 680 2014 atque
702 1951 806 1995 omnes
827 1933 927 2005 valles,
952 1933 1038 2012 queis
1057 1932 1165 2012 plenus
1188 1935 1319 2024 abundat

372 2043 501 2106 Elabans
523 2044 693 2106 Rhodanus.
739 2043 827 2116 Quid,
851 2043 902 2104 ubi
925 2053 971 2104 est
993 2060 1114 2120 egressa
1135 2044 1275 2106 Ravenna

322 2167 356 2220 55
374 2154 541 2234 Irrupitque
562 2171 679 2216 amnem
701 2152 896 2228 Rubiconem,
918 2152 993 2214 haec
1015 2153 1116 2232 pessit,
1139 2153 1170 2214 id
1192 2154 1256 2216 aiae
1278 2167 1327 2218 est

373 2263 464 2334 Talis,
488 2271 520 2324 nt
540 2263 619 2324 hanc
640 2261 719 2324 oculi
740 2261 818 2322 haud
842 2271 968 2341 possent
987 2281 1107 2326 servare
1130 2273 1316 2343 sequentum,

250 2361 253 2410 Ι
373 2373 434 2434 Nec
455 2371 573 2434 scribae
595 2369 736 2434 calamus.
780 2371 890 2432 Contra
913 2371 1023 2453 oppida
1045 2371 1162 2435 lberica
1183 2373 1272 2434 vertit

372 2483 494 2561 bgmen,
516 2481 586 2542 dein
609 2481 734 2560 propius
756 2480 918 2560 Dyraccbia
939 2481 1067 2555 moenia,
1090 2492 1121 2545 et
1141 2482 1246 2544 urbem

371 2590 536 2653 Pharsalon
558 2591 633 2652 adeo
654 2589 813 2670 percussit,
836 2600 985 2671 utusque
1006 2601 1128 2670 regatus

251 2697 253 2783 j
324 2711 357 2762 7⁰
373 2701 417 2762 hd
439 2699 499 2761 Nili
521 2699 633 2761 calidas
653 2699 751 2762 luctus
773 2701 943 2780 pervenerit
962 2700 1068 2762 undas.

251 2808 253 2873 ζ
374 2808 454 2868 ilaec
475 2807 582 2869 iterum
604 2809 747 2872 Antandri
771 2818 877 2870 terram
900 2808 1115 2888 Simoentaque
1136 2809 1217 2880 vidit,

373 2918 457 2979 Unde
480 2916 551 2978 oiim
573 2917 697 2990 exierat,
720 2917 899 2998 bustumque
921 2919 971 2980 uhi
994 2919 1139 2999 procubat
1159 2919 1280 2991 flector,

250 3086 253 3111 ‚
373 3029 468 3107 Atque
490 3027 521 3087 in
543 3026 706 3106 perniciem
731 3027 893 3088 Ptolemaei
916 3028 1044 3107 denique
1065 3046 1204 3090 somnum

250 3173 253 3193 .
373 3137 477 3210 Eruit3
500 3137 578 3198 unde
599 3135 705 3198 Jnharn
726 3155 909 3216 oppressura
932 3137 1031 3217 erupit
1052 3138 1088 3198 ad
1111 3137 1207 3200 instar

250 3228 253 3303 ἰ
322 3255 355 3308 75
372 3246 524 3326 Fulgoris:
547 3245 724 3326 Hesperiam
745 3245 815 3308 dein
836 3254 966 3308 vestram
988 3247 1132 3325 ingressa,
1154 3245 1262 3308 volarit

250 3416 253 3442 ἱ
372 3357 620 3437 Pompeianarum
643 3355 744 3418 sonitu
765 3356 886 3418 invitata
909 3356 1055 3418 tubarum.

415 3469 452 3528 bt
474 3465 553 3546 quod
575 3464 752 3544 signiferum
773 3465 868 3545 gessit
888 3465 1027 3528 comitata
1050 3466 1223 3538 secundum,

371 3575 405 3636 ln
429 3583 505 3636 tetro
527 3574 636 3636 latrant
656 3575 824 3656 Brutusque
846 3587 876 3638 et
899 3575 1020 3636 Cassius
1044 3575 1133 3648 Orco,

372 3682 463 3762 idque
485 3682 567 3744 dolet
587 3683 708 3758 Mutina,
731 3694 821 3765 atque
843 3685 968 3748 obsessa
989 3685 1115 3764 Pemgia
1137 3684 1228 3764 luget.

321 3798 356 3852 80
372 3793 457 3854 Nunc
478 3791 568 3854 etiam
590 3792 685 3854 tristis
707 3795 805 3857 fundit
828 3794 985 3874 Cleopatra
1008 3793 1154 3874 querelas,

372 3904 454 3974 Quae
478 3900 639 3964 instantem
659 3903 788 3980 fugiens,
811 3903 940 3966 suhitam
963 3904 1021 3966 sibi
1045 3904 1134 3966 traxit
1153 3903 1190 3966 oh
1212 3921 1310 3982 angue

371 4012 466 4090 Atque
487 4019 581 4070 atram
602 4019 738 4074 mortem.
782 4012 846 4074 Hoc
868 4013 962 4076 sortes
983 4014 1109 4077 ducente
1131 4023 1274 4086 catervas,

370 4119 467 4181 Littns
489 4117 525 4181 ad
548 4137 645 4199 usque
666 4119 757 4182 maris
780 4121 863 4184 rubri
886 4123 1029 4184 discurrit
1049 4132 1089 4196 et,
1110 4123 1178 4205 ipso

370 4231 510 4300 hectore,
532 4227 607 4291 baec
628 4229 726 4310 patuit
747 4231 890 4294 mtmdum
912 4249 1093 4314 componere
1115 4251 1190 4314 pace

320 4347 353 4401 85
370 4340 473 4412 Tanta,
496 4348 530 4400 ut
550 4345 694 4400 sacratarn
716 4339 809 4402 Janus
831 4341 889 4404 sihi
912 4342 1020 4406 uiderit
1039 4344 1144 4406 aedem

253 4482 1083 4551 L--ss--m--mss-
