3124 5170
64 415 676 437 r--—-·—-------·-···--·-
683 413 874 422 ..,.-„„„„
881 415 889 420 .
902 415 951 421 „-

532 469 726 520 rurruuoauu
743 471 800 518 uxr.
1201 469 1241 532 81
1296 441 1299 566 Ι

542 563 678 571 -ι--ι-
1062 565 1189 572 auca-..--
1197 565 1224 572 ...-

63 596 65 639 ι

62 696 65 771 Ι
175 689 237 752 Has
261 688 345 751 dedit
366 707 418 750 ore
442 689 573 768 sophus,
596 721 638 732 —
660 705 813 760 securum,
837 696 925 768 atquc
948 689 1048 750 omnia
1071 697 1174 751 eontra

63 784 65 891 Ι
125 809 158 862 8⁰
176 799 250 862 Tela
273 810 341 862 tuae
364 807 478 860 bremae
500 806 605 860 tutum·
618 798 683 859 sine
705 798 827 859 numine
849 816 949 860 rerum

63 906 66 1011 Ι
176 911 357 972 Cunctorum
379 907 519 981 domino,
543 908 640 970 fatove
659 909 783 988 jurante
805 905 959 985 benigno?

64 1058 66 1107 Ι
175 1019 222 1080 bie
245 1019 311 1079 sine
334 1017 457 1080 tendere
479 1017 552 1090 iter,
574 1036 642 1078 nam
665 1017 727 1078 vult
748 1035 887 1097 suprema
909 1025 1053 1096 potestas,

64 1170 66 1207 Ι
176 1129 245 1209 lpse
268 1129 355 1189 oculo
378 1127 500 1190 alteriue
524 1145 613 1206 regna
637 1127 711 1188 baec
733 1127 885 1188 teterrime
907 1136 1081 1190 monstrem.

63 1264 66 1301 ι
218 1239 295 1300 Tune
317 1237 362 1298 sic
384 1237 455 1298 huic
477 1237 567 1298 animi
591 1235 708 1298 cecedit
727 1235 855 1308 fiducia,
878 1245 911 1299 ut
932 1255 1040 1299 uncum

63 1360 66 1393 t
125 1354 157 1408 85
175 1346 342 1409 Concidere
364 1353 432 1408 ante
455 1347 548 1426 pedes
571 1347 697 1419 sineret,
722 1344 881 1424 sociosque
901 1347 1021 1427 juberet

64 1420 67 1485 Ι
174 1457 365 1518 Abstinuisse
386 1456 487 1518 armis.
531 1457 577 1516 Mo
598 1475 669 1516 vero
691 1456 748 1516 hae
769 1473 842 1518 voce
863 1455 979 1518 vocavit

65 1542 67 1623 Ι
175 1567 239 1629 Dux
260 1583 361 1627 meus:
385 1565 410 1626 0
432 1577 481 1637 tu,
505 1565 554 1645 qui
579 1564 677 1628 iatitas
699 1565 755 1626 sub
778 1583 853 1644 rupe
876 1574 977 1631 cavata

66 1750 68 1760 Ι
175 1677 389 1755 Compressos,
413 1677 493 1736 refer
513 1677 572 1736 buc
594 1674 723 1736 reditum
746 1675 906 1736 formidine
928 1677 1025 1755 pulsa.

175 1786 276 1860 Quare
298 1803 366 1846 mox
387 1786 455 1846 reni
478 1803 628 1862 egressus.
673 1783 757 1846 Tunc
779 1785 896 1846 adstitit
918 1795 985 1847 ante

68 1882 70 1897 ’
124 1905 157 1956 90
174 1897 252 1958 Tota
276 1894 396 1958 inimica
418 1895 528 1956 cohors
551 1893 611 1966 sic,
635 1903 668 1954 ut
689 1913 775 1955 mens
797 1894 855 1955 icta
877 1913 988 1974 pavore

69 1984 72 2060 ἶ
175 2005 338 2078 Deficeret‚
361 2016 497 2065 metuam
520 2023 557 2065 ne
580 2005 725 2065 auderent
746 2005 882 2082 frangere
905 2013 1033 2084 pactum.

71 2090 73 2113 Ι
174 2115 229 2176 Sic
251 2113 368 2193 pedites
389 2112 450 2174 ridi
473 2114 619 2193 patientes
642 2133 693 2175 ora
717 2113 834 2186 timore,

176 2225 252 2286 Cum
275 2223 356 2303 pacti
377 2224 492 2284 exirent
514 2223 668 2303 Capronae
691 2241 724 2282 er
749 2221 904 2284 moenibus
928 2222 1005 2284 areis

72 2354 76 2427 p
174 2333 213 2394 Et
236 2341 280 2394 tot
302 2333 513 2413 conspicerent
533 2351 682 2395 armenum
705 2331 836 2393 millibus
859 2333 961 2392 hostes

71 2460 74 2519 ς
128 2449 159 2502 to
177 2443 288 2505 Contra
311 2461 345 2505 se
367 2443 527 2504 accinctos.
551 2477 593 2488 -
614 2443 736 2504 decessi
759 2461 886 2522 corpore
909 2451 971 2504 toto

70 2524 73 2643 Ι
176 2554 336 2615 Ductorem
359 2553 500 2634 propius,
524 2571 670 2633 nusquam
693 2571 758 2613 mea
780 2553 892 2614 lumina
915 2552 952 2613 eb
974 2571 1026 2614 ore

70 2650 73 2723 Ι
177 2664 364 2742 detorquens
386 2663 507 2734 horum,
529 2661 603 2722 mihi
626 2680 685 2723 non
705 2662 835 2743 J'ucnnda
859 2663 1015 2725 terentum.

69 2748 73 2829 Ι
177 2773 307 2834 Alternis
329 2789 437 2834 uncum
459 2771 614 2834 declinans
638 2771 765 2852 quisque
788 2770 949 2833 fremebat:

69 2868 72 2899 Ι
178 2883 227 2944 Vis
248 2883 425 2962 nropygium
447 2881 517 2943 huic
538 2878 681 2960 tongam?
703 2881 751 2942 cni
775 2891 892 2944 coetera
913 2880 1017 2943 turba:

70 2980 71 3007 Ι
119 2993 269 3065 tttSane‚
294 2993 349 3065 ait,
373 2992 543 3072 experiare,
568 3009 604 3053 an
628 2991 668 3053 sit
689 2991 872 3072 penetrabile
895 2992 996 3052 telum.

217 3105 255 3164 dt
277 3102 327 3183 qui
351 3102 505 3165 ductorem
528 3102 641 3162 interea
663 3121 801 3163 sannone
824 3100 944 3162 tenebat

69 3214 72 3241 ¹
177 3211 307 3274 Daemon
330 3210 508 3291 prosiliens:
532 3210 668 3284 dbsism,
692 3211 805 3272 absiste
828 3210 949 3282 morari,

69 3336 72 3411 j
177 3321 356 3392 stannatio,
379 3319 470 3393 dixit;
493 3319 564 3381 dein
585 3321 673 3384 nobis
693 3321 786 3382 edidit
809 3321 881 3382 ista:

70 3430 73 3471 Ι
176 3431 261 3494 Hune
282 3439 408 3511 propter
429 3431 585 3510 scopulum
607 3431 732 3492 ulterius
754 3431 918 3512 procedere
941 3449 1000 3492 non
1023 3440 1084 3504 est3

70 3526 72 3567 Ι
118 3547 160 3602 lto
176 3543 269 3602 drcns
293 3541 372 3602 enim
394 3549 496 3602 sextus
515 3541 597 3620 jacet
618 3559 634 3602 e
658 3539 829 3602 fundamine
851 3548 931 3602 totus

70 3596 73 3709 Ι
176 3649 310 3712 Excisus.
354 3650 413 3712 Sed
435 3667 559 3730 pergere
582 3649 638 3711 iter
659 3651 684 3710 si
708 3659 789 3712 certa
809 3651 946 3715 voluntas

70 3748 72 3765 '
177 3761 234 3822 Vos
257 3761 331 3831 fert,
354 3760 412 3820 boo
434 3759 511 3820 antri
534 3777 682 3822 summum
704 3769 842 3840 superato
863 3778 1025 3822 cacumen.

70 3842 73 3913 Ι
176 3869 231 3932 ilic
252 3887 349 3951 prope
370 3885 465 3949 prona
487 3869 564 3930 viam
586 3870 672 3931 robis
694 3869 776 3931 dabit
798 3869 888 3932 attera
909 3888 1010 3949 rupes.
1291 3844 1337 3957 Ι

70 3950 73 3989 ¹
177 3980 237 4041 Sub
258 3979 356 4042 lucem
379 3979 565 4052 hesternam,
589 3979 692 4059 quinta
714 3979 803 4059 panio
825 3978 953 4058 amplius
975 3979 1048 4042 hora

70 4076 73 4123 Ι
119 4100 161 4154 tlt
176 4087 248 4150 Post
268 4089 360 4162 hanc,
384 4099 415 4150 at
435 4087 483 4150 bia
505 4107 578 4152 sena
599 4088 683 4169 prius
706 4107 793 4169 qnam
816 4089 933 4152 saecuta
955 4088 1081 4160 coetum,
1289 3963 1294 4271 Ι

71 4240 74 4269 .
177 4197 331 4278 senosque
353 4198 497 4260 undecies
518 4197 646 4278 expietis
670 4198 793 4260 orbibus
816 4217 910 4260 annos

177 4307 332 4380 Venisset,
355 4316 442 4390 rupta
465 4309 522 4370 ista
544 4309 591 4370 ria
613 4318 668 4370 cst.
711 4309 800 4371 Modo
821 4309 860 4369 dc
882 4325 970 4386 grege
992 4315 1096 4368 nostro
1289 4274 1292 4381 Ι

177 4416 236 4478 iios
258 4417 360 4492 mitto,
382 4427 416 4481 ut
436 4419 570 4492 videant
593 4437 665 4482 num
686 4417 844 4498 qnisquam
865 4383 1293 4623 emergat
1018 4417 1055 4478 ad
1078 4431 1165 4478 aurat

897 4383 1293 4623 o

71 4168 74 4209 Ι

72 4328 75 4417 Ι

71 4432 74 4463 ι

72 4480 75 4561 Ι

75 4609 895 4632 ··-—-------.--.-...-............-.---
