3136 5164
8 209 9 234 l

87 371 91 491 ι
602 421 738 472 rautntst
757 423 774 472 l.

84 500 1296 646 ‚ww

142 651 173 704 tu
188 637 261 701 lude
282 644 382 700 amota
402 637 488 700 milet.
530 638 660 702 lotarius
681 659 749 702 sum
770 643 866 704 l'actus
888 641 926 702 ob
948 639 1038 722 hujus

187 748 369 828 Adspectum
391 746 470 820 talis,
494 748 612 828 qualem
633 767 667 811 se
687 749 764 811 vialit
784 749 823 811 ob
845 750 969 812 herbam

188 857 341 920 Gustatam
363 856 523 936 aequoreis
544 865 715 920 consortem
737 859 871 922 assidere
892 859 974 922 Divis

189 967 329 1030 Glaucus.
371 966 424 1028 Sic
445 966 598 1030 hominem
620 986 762 1049 superum
783 969 891 1031 virtute
913 968 1005 1048 potiri

188 1063 255 1139 lles'
271 1083 327 1150 eat,
350 1094 427 1157 quae
448 1083 527 1138 vetat
548 1077 667 1140 ostendi
688 1097 744 1159 per
763 1077 868 1152 verba3
891 1077 944 1140 sed
962 1077 1046 1140 istud

141 1203 172 1258 aa
188 1187 244 1249 Eat
264 1187 338 1248 satis
360 1185 536 1266 exemplum,
560 1187 646 1266 queis
667 1189 767 1249 seruat
787 1186 881 1266 gratia
902 1187 1014 1249 donum

189 1297 263 1358 Tale
286 1295 464 1376 experturis.
485 1327 529 1340 -
550 1295 576 1358 0
599 1296 712 1358 aeterni
734 1296 813 1374 ignis
834 1295 962 1360 amoris!

189 1405 223 1468 Si
245 1414 360 1467 tautum
382 1403 456 1466 illud
477 1423 534 1484 equ
555 1404 616 1466 mei
638 1423 729 1480 eram,
753 1406 832 1486 quod
853 1405 931 1468 lucia
954 1405 984 1468 in
1007 1421 1094 1468 auras
1154 1419 1156 1422 ·

189 1513 305 1578 Buxisti
328 1533 364 1576 ex
386 1513 481 1576 nihilo
503 1513 643 1593 primum,
665 1523 697 1576 tu
719 1515 770 1596 qui
792 1522 872 1578 astra
894 1514 1051 1594 gubernas,

189 1625 287 1688 Nosti.
329 1624 403 1686 Nam
426 1631 475 1686 tua
497 1623 548 1686 lux
568 1641 617 1686 me
639 1624 677 1686 ad
698 1624 776 1686 coeli
798 1624 920 1687 sustulit
941 1625 1048 1686 aulam.

142 1751 174 1804 πο
232 1734 271 1796 Ut
293 1741 367 1806 rota,
390 1751 479 1812 quam
502 1741 649 1806 aeternas,
672 1752 691 1796 o
713 1752 829 1796 summa
851 1742 951 1816 optata
972 1733 1119 1814 voluptas,

190 1841 371 1905 Harmoniae
393 1841 442 1904 illa
464 1841 502 1914 vi,
525 1860 614 1923 quam
635 1850 669 1904 tu
689 1843 855 1906 moderaris
878 1853 909 1906 et
928 1853 998 1925 apte

189 1953 317 2032 ilignis,
341 1952 487 2015 intentum
508 1952 638 2026 attraxit,
660 1959 723 2016 urm
744 1954 878 2016 solis.ab
901 1953 970 2033 igne
1059 2039 1063 2044 Ι

190 2063 257 2124 Vidi
281 2061 377 2125 oculis
395 2070 514 2126 tantmu
535 2060 614 2125 eceli
635 2064 861 2138 excandescere,
883 2073 917 2126 ut
937 2063 1034 2125 imber

190 2173 244 2236 Vel
264 2173 376 2236 llumcu
397 2187 549 2254 nunquam
569 2179 630 2234 tem
651 2181 736 2236 vasto
758 2172 887 2254 quiverit
907 2172 991 2234 alveo

141 2293 173 2348 75
191 2283 354 2346 immanem
377 2280 533 2362 peperisse
554 2281 663 2345 laeum.
706 2281 917 2346 modulaminis
939 2281 992 2344 ille

190 2392 313 2454 lasuetc
334 2410 428 2454 sonus
450 2390 570 2454 auditus
591 2391 675 2466 milri,
697 2392 798 2455 lumen
820 2400 851 2454 et
871 2392 978 2471 iugens

190 2502 230 2564 lti
253 2500 406 2564 desiderio
427 2501 625 2564 incenderunt
645 2511 768 2582 pectora
788 2509 872 2564 tanto

192 2613 383 2685 Caussanrm
406 2620 439 2673 ut
461 2629 612 2692 nunquam
633 2611 692 2674 sim
712 2612 773 2675 tale
794 2619 935 2693 expertus
957 2627 1092 2674 acumen

192 2721 392 2802 Quapropter,
415 2739 492 2802 quae
512 2739 561 2783 me
582 2721 661 2784 haud
684 2721 779 2794 aliter,
802 2739 891 2802 quam
912 2737 961 2783 me
982 2719 1058 2801 ipse,
1081 2716 1209 2792 videbat,

141 2843 175 2900 aa
192 2830 340 2894 Commoti
363 2831 489 2911 cupieos
508 2829 602 2892 animi
624 2849 804 2912 componere
826 2831 944 2905 linctus,

190 2941 267 3004 Ante
288 2957 345 3019 ego
368 2959 456 3020 quam
477 2941 617 3022 loquerer
638 2939 810 3022 quidquam,
832 2941 878 3002 sic
898 2959 950 3002 cra
972 2939 1097 3002 resolvit

190 3054 288 3131 Atque
310 3050 366 3112 ait:
388 3050 458 3131 lpse
480 3050 556 3114 lacis
579 3061 607 3112 te
629 3069 750 3114 crassae
771 3051 891 3124 mentis,
913 3049 1033 3113 inanem

189 3159 344 3237 Elliugeus
366 3159 499 3240 speciem
520 3179 629 3234 ranam,
652 3161 761 3224 ullibi
782 3179 907 3224 cernere
927 3177 989 3222 non
1007 3158 1055 3232 sit,

191 3267 280 3343 Quod
303 3277 343 3342 tu,
365 3269 422 3334 hac
442 3289 577 3344 excussa,
598 3271 782 3352 adspiceres.
815 3271 939 3332 Terram
960 3269 1039 3330 haud
1055 3266 1258 3348 pedetangis,

139 3385 173 3439 85
190 3380 229 3442 llt
248 3397 337 3454 rere3
359 3387 390 3442 al
410 3397 472 3442 uon
494 3379 539 3444 sic
560 3380 689 3444 nativam
711 3388 854 3462 praepete
874 3397 964 3441 cursu

190 3488 345 3568 Effugiens
367 3489 470 3554 setiam
492 3489 590 3569 fulgur
610 3491 679 3565 ruit,
701 3500 735 3554 ut
755 3490 833 3554 citus
855 3489 943 3552 istam

190 3598 237 3662 'l'u
259 3597 373 3680 repetis
393 3598 502 3663 reditu.
523 3631 567 3646 --
587 3600 660 3664 ttici
682 3600 708 3663 si
729 3599 832 3663 bravia
853 3599 933 3664 edita
955 3598 1072 3660 dulcem
1180 3602 1184 3612 ⁴

188 3707 286 3770 Verba
307 3707 386 3771 iuter
406 3709 501 3772 risum
522 3720 681 3774 suaserunt
701 3729 809 3773 exuere
829 3727 922 3772 uuum

189 3818 339 3881 Gontusae
360 3819 470 3882 mantis
492 3818 625 3895 dubium,
646 3819 766 3882 irretire
786 3819 950 3882 meandum

138 3935 175 3988 at)
189 3927 237 3990 lle
259 3928 369 4009 caepit,
392 3929 534 4010 dirique:
556 3930 620 4009 Ego
639 3930 703 4011 jam
724 3949 772 3992 me
793 3929 895 3992 animo
916 3946 986 3990 esse
1008 3927 1109 4008 quieto

187 4037 281 4112 Jussi,
304 4046 463 4102 contentus
485 4048 532 4101 sat
554 4040 653 4119 magni
675 4058 691 4102 a
713 4039 793 4102 mole
815 4039 958 4119 stuporis.

189 4147 249 4210 Sed
273 4152 324 4229 qul
345 4156 532 4228 praevertam
552 4149 611 4212 ista
631 4148 783 4212 leuissima
804 4167 932 4230 corpora
954 4165 1053 4220 cursu

66 4240 72 4578 ι
187 4257 222 4319 ld
244 4275 327 4320 nuuc
347 4258 488 4322 admiror.
534 4259 635 4334 Quare
655 4270 725 4323 tunc
745 4269 869 4341 pectore
890 4258 1003 4322 dirceus

187 4367 243 4430 illa
264 4367 316 4448 pio
339 4368 491 4447 garritum,
516 4369 566 4432 tali
589 4369 621 4432 in
642 4389 690 4432 rua
710 4369 823 4433 lumina
847 4367 927 4431 vultu
1115 4463 1146 4517 ¹8
