3116 5162
249 381 443 511 Πῖ-
748 429 941 482 urrauoauu
960 430 995 482 rv.
1431 375 1477 437 7

305 665 355 717 llo
370 656 466 731 Atque
487 659 529 713 rta
551 649 757 736 consuendunt
776 651 874 730 stamu
896 649 1098 724 rodelinda,
1121 661 1152 714 et
1173 659 1241 714 ante

372 760 468 834 Quam
489 759 605 840 primae
627 777 766 838 egressae
788 759 890 838 dauon
911 767 1098 841 exponantur
1119 760 1150 824 ia
1173 759 1248 837 alga,

369 869 449 932 Hine
470 887 506 932 ex
527 867 667 948 opposita
687 887 793 930 rursus
814 855 999 948 nora'aopia
1022 879 1107 949 parte

372 978 572 1042 Contrahitar.
615 977 686 1040 llihi
710 986 773 1040 tum
794 976 901 1044 ductor
922 977 1077 1060 neruisque
1099 979 1255 1058 magister:

372 1087 444 1162 Fili,
467 1087 494 1150 si
516 1105 574 1168 qua
596 1085 716 1152 inimica
738 1086 800 1150 Deo
822 1087 901 1150 haud
923 1087 1087 1166 placaverit
1106 1087 1182 1152 iram

307 1213 355 1268 115
372 1197 470 1270 lilius,
493 1197 667 1276 intereaque
689 1196 786 1276 ipsam
808 1215 889 1259 mors
911 1205 1053 1278 aucupet,
1075 1217 1155 1262 una·

374 1307 517 1386 Quaeque
538 1305 637 1368 anima
659 1324 694 1368 ex
716 1305 797 1368 omni
819 1314 965 1370 terrarum
986 1308 1045 1370 huo
1066 1307 1207 1372 oonrsuit
1227 1326 1289 1380 ora,

372 1416 411 1478 Et
431 1423 572 1497 properat
594 1414 722 1478 uamire
743 1415 840 1481 amnis
862 1415 935 1482 vada
957 1416 1052 1490 lenta,
1075 1423 1230 1498 ponente

373 1525 488 1598 liltore,
513 1533 546 1587 ut
566 1524 708 1588 desiderii
729 1524 802 1588 huin
821 1525 911 1590 timor
931 1527 1036 1592 induat
1057 1528 1130 1590 alas.

373 1633 460 1698 Nulla
482 1633 579 1697 anima
602 1633 673 1697 hino
695 1634 801 1698 transit
822 1635 946 1700 sceleris
967 1655 1058 1718 pura,
1080 1636 1195 1715 integra
1216 1637 1312 1709 vitrea

310 1768 358 1822 ιω
375 1744 475 1818 Quare
496 1743 523 1804 si
546 1761 603 1822 qua
626 1742 678 1806 tihi
702 1753 750 1806 est
768 1743 869 1810 audita
891 1745 1012 1825 querela
1034 1746 1215 1820 Gomoario,

373 1854 484 1917 Parte
506 1851 584 1915 seire
607 1859 704 1931 potas,
726 1853 815 1934 huius
836 1855 908 1935 quid
929 1854 1020 1918 verba
1041 1864 1195 1919 sonarent

417 1963 499 2028 llaeo
519 1960 571 2026 ubi
593 1959 675 2024 diota
697 1961 790 2036 dedit,
812 1962 899 2042 nigra
920 1964 1047 2043 odigine
1068 1965 1162 2028 tinota

376 2073 449 2136 'lam
471 2071 601 2151 graviter
621 2071 743 2134 tremuit
764 2073 859 2151 regio,
881 2081 914 2136 ut
934 2075 1073 2154 perculsa
1094 2075 1202 2139 umore
1226 2125 1233 2134 .

338 2181 341 2186 ’
375 2185 459 2247 llens
481 2181 591 2244 sudore
613 2179 692 2258 riget
711 2183 864 2246 revocanti
886 2183 957 2247 talia
978 2185 1100 2248 viduum

309 2311 358 2366 ηε,
373 2295 537 2356 Ventorum
558 2289 670 2354 elllarit
690 2291 778 2356 tellus
800 2292 959 2356 laerimosa
981 2296 1138 2374 fragorem,

375 2402 472 2484 Atque
493 2399 661 2464 coruscarit
681 2401 850 2466 rubiauudo
872 2402 984 2468 lumine
1006 2403 1114 2484 fulgur,

377 2513 443 2587 Quo
467 2527 576 2572 seusus
597 2510 695 2572 omnis
717 2510 791 2574 mihi
812 2512 901 2593 eopia
922 2513 1000 2576 vieta
1021 2515 1157 2589 reoassit,

375 2619 585 2698 Procubuique
607 2618 671 2680 viro
694 2637 764 2700 par,
787 2622 836 2684 oui
857 2640 951 2703 sopor
972 2634 1100 2704 oaoupat
1121 2632 1214 2688 anus.

254 2877 257 2888 v

254 2940 256 2959 l

878 2859 933 2941 ll.

254 3021 258 3153 i
417 3067 516 3130 uum
537 3068 668 3132 terrifico
690 3067 820 3130 tonitrus
842 3065 916 3128 mihi
936 3081 1088 3126 murmura
1110 3081 1249 3128 somnum

255 3178 258 3303 ἱ
377 3176 412 3239 ln
435 3177 534 3258 eapite
556 3177 684 3259 rumpit,
707 3185 868 3251 nummulo,
890 3184 924 3238 ut
946 3193 1034 3256 quem
1056 3174 1165 3238 excitat
1186 3175 1248 3237 iota

255 3309 258 3349 ι
378 3287 429 3349 Vis
451 3287 625 3368 improviso,
649 3295 826 3368 cessataque
848 3286 961 3350 lumina
982 3285 1096 3373 aueum

377 3395 467 3459 Stans
488 3397 578 3472 mori,
601 3398 776 3478 intentaque
798 3396 862 3460 aoie
884 3396 985 3459 omnia
1006 3394 1187 3468 collustravi,

256 3495 258 3541 Ι
343 3522 360 3575 a
378 3505 461 3578 Quae
483 3506 549 3570 loeo
571 3524 618 3572 me
640 3505 821 3586 aooiperent,
844 3505 1005 3586 vestigans.
1048 3506 1124 3567 Vera
1146 3504 1273 3568 tumber.

419 3615 579 3678 Tartareae
601 3615 686 3678 vallis
707 3633 755 3678 me
777 3615 874 3678 untia
895 3616 961 3696 ripa
982 3615 1115 3690 tenebat,

377 3723 567 3788 Horrendum
587 3743 735 3788 resonans
757 3725 920 3790 ululatibus
943 3724 1079 3788 infinitis.

378 3833 484 3906 Tetra,
507 3834 564 3896 alta
586 3854 623 3898 ac
644 3836 737 3898 densa
759 3835 935 3900 nebularum
957 3834 1083 3898 obsessa
1106 3841 1223 3896 caterva

256 3946 260 4048 l
378 3941 431 4006 Sin
452 3953 531 4019 erat,
554 3954 604 4020 ut,
627 3947 761 4026 quamvis
783 3947 913 4009 delirum
934 3945 1094 4008 imrm'ttere
1114 3943 1212 4008 visatm

331 4059 363 4112 lu
379 4051 501 4116 Viscera
523 4054 555 4116 in
576 4053 636 4116 ima
657 4055 718 4120 loni
739 4075 874 4132 nonaum,
898 4054 979 4119 nulla
1002 4051 1127 4117 laoultas

356 4161 511 4254 'Cernere
531 4163 573 4226 mi
595 4163 713 4228 dederit
734 4165 906 4248 quidquam.
951 4165 1027 4228 Tum
1050 4163 1121 4227 talia
1143 4171 1207 4226 toto

381 4270 469 4334 Vultu
490 4272 660 4354 poderosus
680 4276 784 4357 eoepit
802 4276 877 4340 milri
900 4275 1002 4340 dicere
1023 4283 1123 4338 vates:

379 4379 438 4444 llio
458 4399 515 4446 nos
537 4382 659 4448 obstari
681 4386 713 4448 in
735 4403 860 4451 ooeoum
881 4385 1093 4450 mouerimus
1116 4391 1244 4447 manum

1069 4585 1301 4598 -----—-—----
1312 4585 1317 4592 ι
1327 4583 1406 4592 --ι-ε
1419 4581 1434 4588 -
