3142 5166
149 395 153 406 ·
319 388 378 450 154
772 384 952 437 ruuusruuu
972 385 997 434 v.

1564 531 1566 564 Ι

383 607 456 670 Cum
479 604 588 686 quibus
609 605 696 666 existi
718 603 830 683 primes
852 603 883 664 in
904 601 1025 664 luminis
1048 619 1146 673 eures,

383 716 408 779 0
431 717 545 788 anime,
567 714 682 776 incedis
704 714 824 784 vestita,
847 713 956 774 initura
978 711 1079 772 besms

382 827 492 898 Sedes,
515 823 680 888 clamabant
701 822 872 894 venientes,
894 822 936 883 itu
958 837 1119 900 parumper

332 949 366 1004 bc
381 935 492 998 Lenius
515 941 602 1012 atque
623 933 703 1004 vide,
726 949 797 994 num
818 949 907 1010 quem
928 928 982 991 tibi
1005 947 1131 1000 noscere
1153 939 1288 994 nostmm

382 1046 470 1107 Forte
492 1043 593 1104 dstum
615 1041 719 1113 fuerit,
742 1041 827 1122 cujus
850 1046 967 1101 narrata
988 1048 1124 1118 reportes

381 1155 425 1217 td
448 1161 574 1216 vestros.
616 1153 655 1212 At
676 1167 730 1212 cur
750 1145 922 1228 properus?
944 1165 998 1211 cur
1019 1155 1098 1210 stare
1120 1146 1268 1211 recuses?

381 1264 443 1326 Nos
464 1262 509 1323 vis
532 1259 649 1321 bustiiis
667 1259 731 1340 jum
754 1265 877 1320 cunctos
897 1259 1002 1320 iuuere
1023 1257 1138 1320 mersit.

381 1371 500 1436 Assueti
523 1369 629 1432 sceleri
652 1377 813 1434 extremum
836 1366 1007 1429 duravimus
1029 1385 1125 1445 usque

332 1489 365 1544 dd
382 1482 425 1544 dd
447 1489 580 1559 tempus,
604 1477 702 1538 donee
722 1476 821 1538 lumen
844 1475 976 1538 coeleste
998 1475 1118 1538 refulsit

383 1588 549 1662 Mentibus,
572 1604 607 1650 sc
628 1586 732 1650 docuit
753 1586 812 1658 sic,
836 1593 868 1648 ut
889 1585 1044 1646 malefacte
1064 1603 1192 1664 perusus

383 1703 456 1765 Cum
479 1701 549 1762 fletu
571 1716 606 1758 sc
628 1705 727 1758 certus
747 1695 862 1756 reniam
885 1693 1039 1772 mingere
1061 1695 1189 1768 nocenti,

383 1811 518 1890 Quisque
540 1825 593 1869 sus
615 1805 719 1876 exivit,
740 1803 856 1884 piscatu
877 1802 1014 1876 numine,
1038 1803 1106 1876 vitu,

383 1917 505 1990 visendi
527 1916 606 1998 quod
629 1931 729 1976 amore
751 1913 796 1976 sui
820 1913 996 1992 praecordis
1018 1913 1124 1974 adurit

332 2041 366 2094 tc
425 2029 478 2090 His
499 2043 571 2104 ege:
595 2024 632 2087 Ut
653 2025 684 2086 in
705 2031 820 2086 vestros
843 2037 898 2099 ege
920 2023 1008 2100 figam
1030 2022 1143 2086 lumine
1163 2022 1270 2096 vidtus,

381 2138 467 2200 Haud
488 2135 580 2198 ullum
602 2133 766 2214 inspiciens
786 2149 891 2194 nosco.
934 2134 972 2193 nt
991 2133 1045 2194 roi
1068 2131 1093 2194 si
1116 2151 1175 2212 qus
1191 2133 1308 2213 juvebit

382 2249 441 2310 Res
462 2263 557 2326 penes
579 2243 732 2306 arbitrium
754 2252 906 2314 nostrum,
929 2261 947 2302 u
968 2241 1046 2304 bene
1068 2251 1135 2304 uste
1157 2243 1323 2304 suimsrum

383 2355 498 2428 Turbs,
520 2354 603 2433 loqui
625 2351 703 2414 baud
725 2352 844 2432 pudeat.
888 2351 962 2414 Nem
984 2369 1089 2431 pacem
1108 2351 1178 2431 jure
1201 2369 1256 2432 per
1277 2351 1370 2424 iiiam,

383 2466 479 2541 Quam
498 2464 609 2546 jubeor
629 2470 742 2524 tentum
765 2461 927 2534 ductorem,
939 2479 1019 2542 pone
1042 2469 1172 2534 secutus,

331 2597 364 2650 05
382 2577 466 2638 Nunc
487 2575 560 2646 boc,
585 2588 663 2634 nuuc
683 2570 735 2632 ilio
758 2587 937 2650 properans,
960 2569 1032 2632 mibi
1055 2589 1199 2650 quaerere
1220 2569 1252 2632 in
1274 2571 1358 2644 urbe,

382 2684 424 2748 ld
438 2701 485 2746 me
507 2683 664 2752 iacturum.
687 2713 727 2726 -
750 2679 826 2740 Tum
848 2678 1081 2742 conuentibus
1103 2697 1181 2742 uuus

381 2795 465 2857 lndt:
490 2791 624 2870 Quisque
644 2797 696 2850 tuo
718 2788 874 2850 beneiuctc
897 2789 1015 2862 tideret,
1038 2789 1099 2852 uilu

383 2903 568 2982 Quamquam
589 2897 668 2960 baud
686 2898 822 2978 jurasses
843 2897 950 2970 serbo,
972 2897 1119 2979 prodesse
1140 2899 1281 2968 studenti,

382 3011 419 3074 Ni
442 3010 494 3073 tibi
515 3006 707 3090 propositum
725 3006 818 3068 virtus
839 3006 916 3068 male
936 3007 996 3070 fids
1016 3007 1139 3070 recidet

332 3133 366 3185 7⁰
384 3121 482 3196 Quare
504 3136 577 3198 ege,
598 3135 670 3198 pree
692 3115 816 3196 reliquis
837 3134 916 3178 unus
938 3116 989 3196 qui
1012 3125 1041 3178 te
1063 3117 1212 3196 ntupum,
1234 3136 1301 3190 cro,

382 3231 434 3304 Ut,
457 3228 483 3291 si
504 3228 581 3290 ione
602 3243 732 3306 unquam
753 3235 862 3288 terrem
884 3225 1077 3306 conspexeris
1099 3225 1190 3300 iliam,

382 3337 524 3401 Aemilius
546 3337 621 3398 dues
643 3336 734 3409 inter,
758 3353 893 3415 quaeque
913 3335 1047 3415 Appulus
1069 3353 1137 3400 arrs

382 3447 522 3521 Exercet,
544 3446 688 3526 positum,
709 3445 781 3506 Fani
804 3453 836 3506 tu
857 3445 957 3521 largus
979 3444 1114 3508 abundes

382 3553 575 3637 Supplicibus
596 3553 710 3625 verbis,
733 3553 860 3632 quisque
882 3561 915 3616 ut
935 3553 1012 3616 bene
1034 3573 1144 3618 numen
1167 3553 1272 3617 adoret

332 3672 366 3726 75
382 3667 442 3727 Pro
463 3683 524 3736 me,
546 3674 580 3726 ut
601 3663 755 3743 purgando
777 3663 908 3742 gruvium
931 3663 1031 3726 delere
1052 3665 1197 3729 medorum
1234 3715 1239 3726 .

383 3775 428 3838 sit
448 3773 520 3834 mibi
542 3773 588 3834 iss
608 3771 716 3836 labem.
759 3773 892 3853 Namque
913 3779 960 3834 est
980 3771 1054 3834 mibi
1074 3773 1169 3853 putris
1190 3774 1316 3838 rmum.

383 3885 490 3946 Verum
511 3884 698 3944 Antenorem
720 3882 799 3946 iuter
818 3881 891 3944 mibi
913 3881 999 3962 plurs
1019 3881 1176 3962 prciuuds,

384 3991 466 4054 Unde
488 4008 578 4054 cruor
599 3991 696 4064 duxit,
718 3991 874 4054 nostruin
896 4009 955 4070 quc
977 3992 1036 4054 vite
1057 3991 1190 4065 sedebit,

384 4101 511 4162 Vulnere
531 4110 689 4172 venerunt,
711 4099 762 4163 ubi
784 4101 876 4162 tutius
898 4102 963 4183 ipse
984 4101 1075 4165 intere

332 4221 366 4276 8⁰
383 4211 490 4275 deber.
532 4213 698 4272 Aruernus
719 4209 886 4274 rebementi
907 4211 1037 4290 percitus
1059 4210 1103 4276 irs

382 4323 416 4384 ln
438 4337 486 4382 me
507 4319 576 4400 pius
597 4337 693 4400 nequo
715 4320 822 4400 patrati
844 4327 892 4382 est
911 4319 1046 4382 criminis
1067 4327 1181 4384 tuctur.
