3136 5164
323 425 386 490 272
798 429 933 480 tantotst
951 429 971 480 l.

338 658 372 714 25
388 647 522 728 Namque
544 647 629 720 adeo,
653 654 744 727 pater,
767 645 931 710 hasenaro
952 654 1125 708 ornamenta
1146 645 1295 726 leguntm,

388 758 482 820 Ducat
502 765 536 819 ut
556 756 704 836 insignem
727 755 837 820 Caesar
855 763 974 818 ratosne
995 755 1185 838 triumphum,

389 865 481 942 (Prob
503 866 589 946 culpa
611 865 757 928 hnmanae
778 864 1032 946 opprobriumque
1054 867 1202 945 cupidinis
1210 865 1231 945 l)
1253 875 1286 928 nt
1304 867 1366 948 iam
1491 917 1494 949 ,

389 975 517 1055 Giguere
538 975 702 1056 Delpbilica
723 975 845 1038 deberet
866 973 970 1054 gaudia
991 975 1075 1049 Divo,

389 1085 422 1148 si
444 1103 533 1166 quem
555 1085 661 1148 ardore
684 1084 749 1146 sitis
771 1084 903 1148 stimulet
923 1084 1033 1148 Peneia
1052 1083 1163 1164 planta.

338 1210 373 1264 oo
388 1195 550 1274 lugentem,
573 1195 721 1256 flammam
742 1211 892 1274 perpauca
914 1193 1010 1256 tavida
1033 1193 1184 1256 secundat.

388 1303 464 1366 Fors
485 1304 592 1382 aliquis
613 1312 683 1383 post
702 1321 750 1365 me
772 1310 862 1364 cantu
882 1302 1005 1364 meliore
1026 1311 1174 1383 precetur,

388 1413 425 1475 llt
447 1413 565 1476 Circaea
586 1413 693 1474 domus
713 1413 790 1474 votis
811 1431 958 1492 responsa
980 1413 1117 1476 remittat

387 1523 518 1585 Diversis
539 1521 641 1601 generi
662 1521 779 1583 mortali
800 1522 896 1599 surgit
917 1520 954 1584 ab
977 1523 1039 1584 oris

388 1633 525 1712 Lampas,
549 1649 625 1711 quae
647 1631 789 1693 mundum
809 1630 932 1705 lustrata
954 1631 1008 1694 sed
1031 1631 1124 1708 surgit
1146 1630 1181 1694 ab
1203 1631 1263 1705 illa,

336 1755 370 1808 ao
388 1740 492 1820 Cyclos
513 1741 562 1803 bis
582 1739 719 1818 geminos
741 1759 815 1820 quae
833 1717 934 1821 jungit
953 1760 1022 1804 cum
1044 1758 1132 1803 cruce
1154 1741 1239 1813 trina,

385 1851 568 1914 Percussum
588 1849 665 1912 mam
686 1849 849 1922 meliorem,
867 1849 1029 1931 junctaque
1050 1850 1135 1913 stella

387 1961 455 2022 Exit
476 1979 543 2022 oum
564 1959 698 2030 meliore,
722 1968 752 2020 et
773 1977 870 2021 ceram
893 1967 1037 2039 temperat
1061 1958 1144 2022 orbis

388 2070 545 2132 Terrarum
567 2069 634 2149 plus
657 2076 763 2149 sponte
785 2087 838 2130 sua
860 2069 1055 2150 obsignatque
1077 2089 1130 2133 sua
1153 2070 1190 2131 ri.

387 2179 491 2242 Talem
511 2179 646 2258 ingressa
668 2177 776 2252 locum,
799 2180 884 2258 quasi
905 2179 1001 2259 prium
1023 2179 1197 2260 crepuscula
1219 2179 1317 2242 noctis

335 2297 371 2352 to
386 2289 443 2352 Hic
463 2297 494 2351 et
513 2307 600 2351 mane
621 2287 682 2350 illic
702 2289 852 2361 effecerat,
873 2286 991 2351 albidus
1012 2289 1064 2351 ille

384 2398 550 2462 Semiorbis
570 2397 668 2460 stabat
687 2405 775 2472 totus,
797 2415 868 2478 pare
890 2397 980 2460 altem
1002 2399 1095 2477 nima,

387 2509 460 2572 Cum
481 2508 558 2570 latus
580 2508 611 2570 in
632 2508 748 2572 laevum
770 2526 804 2570 se
825 2516 940 2570 vertere
961 2507 1025 2570 visa
1045 2508 1176 2570 Bassam

384 2619 439 2680 Est
458 2617 532 2680 milti
554 2625 584 2680 et
604 2617 753 2698 inspicere
775 2617 806 2680 in
828 2617 932 2680 solem.
976 2617 1027 2680 Sic
1049 2619 1140 2696 ligere
1164 2617 1220 2680 soli

383 2727 550 2806 Numquam
572 2726 669 2807 aquila
690 2746 763 2790 ausa
784 2745 855 2788 snos
877 2735 924 2790 est
944 2728 1036 2790 usus.
1075 2727 1171 2807 thue
1192 2727 1294 2808 priora

334 2837 477 2900 coltiaco
499 2835 566 2909 exit,
589 2855 767 2916 sursumque
789 2837 867 2899 solet
887 2836 1003 2900 resilire
1025 2837 1175 2900 secundus

306 2945 309 2954 '
384 2944 503 3026 Fulgon
525 2963 609 3008 more
630 2938 780 3025 pereprini
801 2965 933 3010 remeare
955 2947 1117 3010 studentis:

384 3055 436 3119 Sic
457 3063 486 3118 et
507 3073 562 3135 ego
583 3054 663 3117 bunc
684 3062 791 3128 actum,
814 3055 864 3134 qui
887 3057 997 3118 nostris
1019 3056 1180 3120 insinuavit

384 3165 459 3228 Sese
479 3164 649 3238 luminibus,
671 3183 834 3246 percussus
855 3165 983 3244 imagine
1002 3172 1142 3238 mentem,

383 3275 551 3356 Desumpsi,
575 3283 663 3355 atque
684 3273 789 3337 doulos
810 3274 892 3337 infixi
913 3275 945 3337 in
966 3274 1102 3354 lampada
1123 3274 1197 3336 solis

333 3389 367 3444 bo
382 3385 524 3448 Nostrum
544 3384 620 3447 ultra
640 3403 764 3448 morem.
785 3417 828 3430 ·-
848 3384 993 3447 Humanis
1014 3385 1169 3447 virtutibus
1190 3385 1252 3448 illic

382 3493 472 3557 Multa
492 3493 583 3556 licent
602 3493 718 3556 ratione
738 3494 807 3568 loci,
831 3513 919 3574 quem
941 3493 1074 3558 condidit
1095 3503 1197 3556 auctor

382 3603 517 3666 Humano
539 3605 639 3682 generi
660 3603 825 3685 proprium,
847 3623 923 3683 qnae
945 3603 995 3666 hic
1015 3622 1106 3682 posse
1127 3603 1252 3668 facultas

381 3713 448 3776 Non
471 3721 527 3776 est.
568 3712 655 3775 llnuc
675 3731 731 3776 nec
752 3714 831 3776 terre
853 3713 913 3787 diu,
935 3729 992 3776 nec
1012 3714 1155 3794 temporis
1176 3713 1279 3776 boram
1343 3749 1347 3756 -

382 3821 433 3885 Sic
455 3831 551 3884 tamen
574 3823 706 3900 exiguam
728 3822 821 3903 potui,
844 3831 876 3885 ut
897 3823 1050 3886 candentis
1072 3823 1108 3885 ab
1131 3823 1201 3902 igne

330 3938 364 3994 55
381 3929 466 3994 Hunc
487 3931 671 3994 metacismi
692 3932 770 3994 baud
792 3932 904 3994 circum
925 3932 1038 4010 fulgere
1059 3933 1200 3996 viderem.

382 4040 440 4115 Qui
462 4040 612 4120 duplicare
634 4041 713 4104 diem
734 4041 832 4104 subito
855 4050 901 4105 est
920 4042 993 4104 mibi
1015 4043 1106 4116 risus,
1128 4051 1161 4105 ut
1181 4041 1231 4104 illa

380 4149 414 4212 Si
435 4151 501 4212 sole
521 4151 710 4231 omnipotens
732 4152 789 4214 alio
811 4151 982 4214 decorasset
1005 4153 1172 4233 Olympum.

422 4259 526 4322 Stabat
546 4259 578 4322 in
599 4267 735 4324 neumas
756 4262 898 4343 sphaeras
919 4261 1041 4326 immota
1061 4261 1192 4324 listram

380 4369 465 4444 Tota,
487 4369 591 4432 oculos
611 4371 716 4448 figere,
740 4379 846 4450 elego
867 4389 933 4434 mea
954 4371 1065 4434 lumina
1086 4370 1118 4434 in
1141 4371 1238 4450 ipsam
