3116 5162
573 427 640 484 tm
663 429 794 486 ΜΕ.
1225 453 1306 500 mrn
1387 489 1390 496 .

72 615 190 678 contulit
210 615 322 678 animo.
365 611 461 679 Tanto
480 617 563 680 enim
584 615 707 692 ardore,
729 625 811 680 unm
832 615 1008 682 dcxtmiutc
1034 616 1184 700 Μῦθος
1204 619 1306 686 litem

72 717 245 797 altioresque
266 717 421 779 docuinas
442 717 565 796 tradidit
586 717 725 792 alumnis,
748 718 786 780 ab
808 719 891 782 omni
912 719 986 784 lona·
1008 721 1169 802 eupiditate
1190 730 1250 784 lam
1271 741 1306 786 sc

72 818 197 882 exhibuit
217 817 359 891 alienum,
380 827 422 892 ut,
445 827 592 900 quotquot
610 818 760 894 habuerit,
782 819 949 884 auditorum
967 821 1026 884 sibi
1037 822 1212 886 conciliaret
1222 841 1304 886 amo-

70 937 148 982 rem:
176 939 303 1000 qnorum
325 931 408 1000 grata
429 922 571 983 memoria
591 939 634 984 ne
651 921 743 984 bodie
764 921 885 1002 quidem
907 923 1017 986 excidit
1036 923 1164 1002 insignis
1185 924 1250 1005 ejus
1272 924 1304 986 in

70 1021 198 1084 docendo
220 1021 384 1096 evidentia,
407 1039 465 1102 qua
486 1021 736 1086 combustores
758 1023 978 1104 disputationes
998 1024 1035 1086 sd
1057 1025 1189 1088 omuium
1217 1025 1306 1088 intel·-

71 1121 170 1184 lectnm
190 1121 347 1185 enodabat
391 1123 577 1203 inquisitum
598 1123 663 1203 ejus
686 1124 716 1186 in
738 1123 834 1186 literis
858 1123 1005 1206 judicium
1032 1125 1228 1188 conformavit
1254 1145 1303 1188 as·

71 1223 148 1285 sidua
167 1224 257 1286 lectio
278 1223 459 1304 scriptorum
481 1225 560 1306 apud
584 1209 715 1287 Graecos
737 1226 928 1288 etliomanos
948 1225 1151 1299 classicorum,
1174 1227 1206 1288 iu
1228 1245 1303 1306 quc·

71 1343 130 1387 run
148 1326 323 1388 mearam
344 1325 584 1406 persenserim
606 1325 774 1388 italicarum
803 1327 956 1389 literarum
984 1333 1123 1408 parantes
1151 1328 1303 1390 vocandus

73 1445 132 1488 esse
155 1425 307 1490 censebat.
355 1427 380 1488 ll
406 1427 606 1489 recentiorum
635 1435 788 1490 auctorum
811 1428 915 1491 ›studio
933 1445 1065 1508 ,semper
1093 1427 1150 1490 luit
1176 1428 1301 1502 alienus,

73 1525 284 1610 discipulosque
305 1527 342 1590 ab
364 1547 469 1590 eurum
490 1527 641 1604 illecabris
662 1527 889 1608 diligentissime
909 1530 1072 1610 prohibuit.

145 1645 265 1708 lnterim
286 1665 357 1708 rero
378 1647 505 1718 adversi,
529 1647 580 1726 qui
601 1645 741 1708 familiam
753 1647 879 1708 Pnnzan
902 1647 1078 1716 afflixemnt.
1094 1661 1302 1710 casusnorum

74 1747 266 1828 ingratumque
288 1765 426 1810 curarum
448 1747 677 1810 domesticarum
699 1747 727 1810 ei
748 1747 954 1828 imposuerunt
975 1765 1061 1822 onus,
1084 1749 1301 1828 aqualessurn

74 1849 190 1911 animum
211 1861 245 1910 ut
265 1847 454 1929 aliquatenus
481 1856 650 1923 recrearet,
679 1847 804 1912 arduum
835 1868 912 1930 opus
939 1848 1142 1912 Pindarico
1170 1849 1302 1912 carmina

74 1947 163 2012 italico
182 1959 279 2014 metro
302 1951 446 2014 reddendi
464 1951 527 2032 jam
549 1951 612 2012 lere
626 1949 896 2030 quinquagenarius
918 1951 1052 2031 suscepit
1069 1958 1301 2030 susceptumque

75 2050 139 2112 intra
159 2051 286 2114 duonum
307 2052 468 2112 lustrorum
498 2051 591 2132 spatia
620 2050 747 2112 feliciter
772 2051 908 2114 absolvit.
956 2052 991 2115 ln
1017 2051 1194 2132 olympicis,
1224 2069 1300 2132 quac

75 2152 145 2214 solae
167 2151 314 2216 hactenus
347 2151 437 2231 (typis
464 2151 622 2214 Seminarii
650 2150 793 2230 Patavini)
820 2151 917 2215 lucem
943 2153 1101 2225 viderunt,
1130 2152 1300 2232 gravitatem

74 2251 244 2316 Pindarioam
266 2252 485 2332 sublimemque
507 2252 582 2314 ratis
611 2251 745 2315 Thebani
773 2252 992 2333 simplicitatem
1021 2250 1132 2334 optime
1152 2253 1300 2316 redditam

74 2371 145 2428 csse,
164 2353 342 2434 italicosque
363 2372 467 2416 sersus
490 2372 551 2416 non
574 2353 671 2415 solum
699 2353 829 2416 auctoris
857 2351 1035 2416 sententiam
1062 2351 1190 2416 fideliter
1216 2352 1298 2416 exbi-

73 2451 141 2529 berc‚
162 2455 213 2518 sed
237 2463 268 2518 et
290 2455 480 2535 stropharum
503 2454 681 2516 Graecarum
709 2455 896 2536 majestatem
916 2453 1051 2535 proxime
1074 2453 1170 2535 sequi,
1191 2453 1298 2518 harum

73 2573 157 2618 rerum
178 2556 267 2638 periti
288 2556 420 2617 unanimi
438 2555 647 2638 judicaverunt
668 2573 829 2619 consensu.

143 2674 204 2736 lam
226 2691 390 2736 senescens
412 2682 442 2735 et
462 2681 532 2753 post
552 2673 788 2754 propinquorum
816 2672 930 2736 obitum
953 2673 1104 2736 iereunus
1122 2691 1156 2735 ex
1169 2680 1231 2736 tuta
1253 2674 1296 2737 la-

74 2773 141 2836 niis
160 2783 323 2856 superstes,
333 2773 498 2837 reluctante
519 2774 618 2836 animo
634 2775 735 2854 patria
757 2774 906 2848 discessit,
928 2774 1149 2854 licentiamque
1171 2775 1299 2838 contulit

74 2872 158 2938 bran.
205 2874 415 2942 liiscedentem
452 2875 602 2938 communi
636 2874 739 2938 dolore
772 2882 802 2940 et
834 2874 984 2939 desiderio
1016 2875 1193 2956 prosequuti
1226 2883 1297 2938 sunt

74 2973 194 3052 Smiani3
224 2967 371 3038 vnanuni
394 2993 502 3038 norum
531 2975 624 3038 civem
652 2984 757 3056 parato
787 2976 952 3057 primorum
980 2976 1219 3057 optimorumque
1240 2975 1295 3038 bc-

74 3077 149 3156 spitio
168 3076 471 3140 bonorificentissime
493 3085 683 3158 exceperunt

142 3194 343 3274 Sexagenario
366 3194 464 3275 major
493 3193 620 3275 iuvenili
648 3195 765 3258 terrore
793 3193 923 3256 Daritis
950 3192 1088 3271 Jdivinum
1117 3212 1236 3258 carmen
1264 3195 1295 3258 in

73 3291 176 3358 Latinos
188 3297 350 3358 translerre
370 3314 475 3358 versus
495 3294 617 3358 molitus
638 3304 693 3370 cst,
716 3296 885 3360 indefessus
906 3294 1104 3374 perseveravit
1120 3295 1151 3357 in
1165 3313 1294 3376 operoso

73 3391 171 3472 labora,
191 3415 294 3478 neque
315 3396 431 3460 destitit
451 3396 589 3476 inceptis,
611 3396 671 3460 nisi
692 3396 792 3477 operia
815 3395 950 3476 riuequa
971 3403 1081 3458 meum
1101 3395 1209 3458 iisdem
1231 3397 1294 3460 iere

73 3493 161 3558 diebus
186 3507 402 3578 consequutus.
442 3496 510 3560 llnc
541 3512 632 3559 unum
654 3508 718 3562 erat
738 3497 871 3560 solamen
893 3495 1100 3559 incommodae
1121 3501 1292 3576 senectutis,

72 3592 96 3655 bi
123 3607 240 3662 conanus
273 3597 457 3680 praebebant
489 3597 645 3662 materiam
679 3597 970 3664 confabulationibus
996 3616 1066 3660 cum
1093 3597 1190 3660 doctis
1217 3599 1292 3662 cmi-

72 3696 120 3769 o's,
144 3699 172 3760 in
191 3699 242 3762 his
263 3699 425 3780 praecipue
445 3697 640 3762 versabantur
660 3699 725 3782 ejus
746 3699 899 3780 epistolae,
922 3697 948 3760 si
970 3716 1044 3777 quas
1066 3698 1163 3761 dabat.
1196 3697 1293 3764 Unum

72 3799 136 3875 qnod
156 3809 311 3882 supererat
331 3808 474 3882 optatum,
497 3795 664 3862 absolutum
686 3819 762 3881 opus
785 3800 853 3863 usui
868 3798 1044 3881 judicioque
1065 3799 1197 3864 omnium
1211 3817 1292 3862 com·
1332 3827 1343 3844 ν

71 3898 141 3972 niti,
159 3903 260 3964 urens
282 3920 344 3964 non
365 3900 543 3982 impetrarit.
587 3901 684 3976 Quum
706 3902 796 3975 enim,
817 3899 961 3982 particula
983 3899 1080 3981 aliqua
1100 3901 1291 3982 uperistppis

72 3997 208 4064 &nmarii
228 4003 362 4066 Patavini
390 4001 542 4083 descripta
563 4002 650 4082 eique
678 4021 734 4082 per
754 4001 918 4082 discipulos
940 4001 1163 4084 congratulandi
1185 4020 1291 4064 caussa

72 4097 169 4176 oblata,
191 4104 254 4184 jam
278 4113 357 4166 esset
380 4105 410 4166 in
434 4122 480 4178 eo,
502 4111 535 4166 ut
556 4121 609 4184 spe
631 4121 685 4166 sua
707 4103 869 4185 potiretur,
899 4101 980 4181 gravi
1001 4103 1105 4166 morbo
1127 4121 1290 4184 oppressus

72 4203 366 4284 musolationibusque
387 4205 457 4268 fidei
474 4203 660 4267 Christianae
682 4213 862 4267 sustentatus
884 4222 961 4266 auno
976 4202 1065 4285 hnjus
1083 4203 1195 4266 sacculi
1216 4221 1290 4284 qua·

71 4296 219 4380 bagasino
242 4315 346 4385 quarto
368 4324 465 4386 aequo
494 4313 656 4386 paratoque
685 4307 783 4368 mimo
813 4305 893 4368 diem
921 4304 997 4368 obiit
1021 4321 1203 4385 supremum.
1252 4303 1290 4366 Ut

70 4417 127 4462 roro
153 4403 253 4468 liirina
282 4406 444 4470 Comoedia
471 4406 576 4468 Latine
603 4405 682 4468 lucta
710 4409 812 4487 (quam
834 4404 1027 4468 Leonardo
1056 4403 1157 4466 comiti
1185 4401 1288 4466 Tris·
