3116 5162
574 433 747 484 enurrsno.
854 415 881 504 j
1192 453 1282 496 mm

143 620 283 692 Alterum
309 615 592 710 Francogallicam
617 617 821 708 versionem,
849 617 1074 692 intercedente
1101 619 1283 694 clarissimo

63 739 208 834 liugos,
244 760 284 810 ex
310 735 424 808 codice
450 733 693 832 Teurinensi*)
720 735 854 831 propriu
880 759 979 812 mauu
1006 737 1181 834 exscripsit
1207 739 1283 811 Cu·

63 855 160 929 rolns
176 854 307 928 Buudi
336 853 384 926 de
403 851 565 944 Vosme',
591 852 640 924 vir
668 851 916 947 celeberrimus,
943 855 999 952 qui
1018 863 1284 953 quantumcou·

66 973 156 1046 tulerit
178 973 218 1045 ud
245 971 473 1045 elucidandam
499 967 685 1061 historiam,
713 981 872 1067 quantum
899 971 939 1044 ud
967 973 1153 1068 explendos
1174 971 1285 1046 emen-

68 1092 233 1190 dandosque
259 1091 362 1164 libros
385 1089 472 1186 juris
499 1087 622 1180 civilis,
657 1087 776 1161 horum
809 1114 921 1162 rorum
947 1089 1074 1186 peritus
1106 1115 1207 1166 uerno
1234 1103 1286 1166 est

68 1209 113 1305 qui
134 1209 260 1282 nesciet
1003 1197 1009 1205 ’

162 1361 195 1423 le
215 1377 375 1439 comencoy
397 1359 493 1421 alors:
516 1365 605 1438 poete
625 1358 789 1420 volontiers

247 1460 407 1540 Parlerope
429 1479 445 1522 u
468 1459 552 1521 ceulx
574 1459 650 1521 deun
673 1459 724 1539 qui
747 1460 899 1523 ensemble
920 1479 974 1524 seu
995 1471 1067 1524 vont

124 1577 152 1626 tc
248 1563 287 1624 Et
308 1559 457 1624 semblent
478 1567 558 1622 estre
581 1579 618 1622 uu
636 1569 708 1650 ‘vent
730 1568 794 1622 taut
814 1561 908 1622 victes
931 1570 961 1623 et
981 1561 1102 1640 legiers.

167 1663 189 1727 ll
208 1683 257 1728 me
278 1663 338 1724 dit:
362 1669 455 1742 quent
473 1679 577 1723 serras
599 1679 657 1741 que
679 1661 747 1742 plus
769 1680 839 1742 pres
862 1679 938 1724 uons
961 1671 1072 1736 serent,

246 1765 305 1828 Par
326 1764 443 1826 lumour
465 1763 515 1842 qui
536 1761 580 1824 les
602 1761 701 1822 moine
725 1761 745 1822 il
768 1763 842 1825 larrlt
865 1781 922 1844 qne
944 1763 995 1824 lon
1017 1764 1061 1826 les
1083 1765 1149 1845 prio

246 1865 338 1929 Venir
359 1865 433 1926 dece
453 1883 521 1926 vers
545 1881 631 1934 nous,
654 1871 684 1924 et
705 1862 735 1925 ie
758 1877 827 1943 croy
850 1864 929 1944 qullz
950 1865 1118 1928 vieudront

170 1966 200 2029 Si
221 1975 282 2028 tost
302 1983 419 2028 comme
440 1965 469 2027 le
491 1971 560 2026 vent
580 1983 648 2027 vers
670 1983 746 2027 nous
767 1965 812 2026 les
834 1964 924 2044 gulde
946 1974 977 2026 et
998 1965 1069 2046 plie‚

128 2062 156 2112 ⁸⁰
249 2069 284 2132 Je
305 2085 413 2130 moeuz
434 2065 463 2128 lu
485 2065 552 2127 voix
574 2065 692 2126 disant:
716 2083 734 2126 o
757 2083 839 2128 ames
863 2077 1063 2128 tourmentecs

248 2169 346 2232 Vener
369 2187 386 2230 u
408 2185 485 2230 nous
506 2167 615 2247 parler,
639 2165 665 2227 si
687 2165 802 2245 nultrup
823 2185 861 2228 ne
884 2166 979 2246 lenye.

172 2271 286 2334 Commo
308 2267 464 2332 columber
486 2275 557 2328 root
578 2267 618 2330 du
641 2265 724 2328 desir
745 2267 909 2330 reclumees

250 2370 375 2434 Vollend
397 2369 480 2432 deur
501 2367 591 2430 douln
612 2367 664 2430 nid
687 2367 725 2429 de
746 2369 840 2430 terme
863 2375 893 2432 et
914 2368 1006 2448 grand
1030 2385 1166 2448 cecrope,
1240 2446 1242 2452 Α

249 2471 332 2534 Ainsi
354 2470 399 2534 les
420 2470 466 2534 vic
488 2487 543 2549 pur
565 2469 628 2531 laer
642 2468 770 2530 durdont
791 2468 874 2532 desir
895 2479 1018 2550 portecs

132 2573 268 2636 8⁵Sail1ir
286 2573 360 2635 hors
382 2571 420 2633 de
440 2570 469 2631 la
491 2581 619 2651 trouppe
641 2590 680 2633 ou
703 2570 774 2632 dido
797 2571 833 2633 de
856 2579 974 2650 cartago

250 2675 351 2754 Royne
374 2671 474 2744 estoit,
497 2690 534 2734 en
555 2679 665 2734 renunt
686 2689 702 2733 u
724 2690 879 2753 nouspur
900 2673 963 2735 laer
984 2672 1124 2750 maligne.

250 2775 326 2840 bors
349 2771 546 2837 deffectueulx
568 2791 618 2853 cry
640 2770 685 2834 dit
704 2773 775 2836 lune
797 2791 835 2836 en
857 2791 914 2836 son
936 2773 1089 2852 leugaige:

174 2877 196 2939 0
218 2883 350 2966 creature
371 2881 438 2936 tout
459 2873 615 2953 grocieuse
637 2881 668 2936 et
691 2874 830 2953 benigne,
933 2915 935 2920 .

250 2977 310 3051 Qui
332 2975 466 3038 roullunt
485 2975 549 3038 lucr
570 2974 665 3055 perdu
685 2975 798 3050 visitor,
820 2976 904 3038 ciens
927 2977 1035 3038 deuerc

135 3082 161 3131 ⁹⁰
252 3077 335 3140 Nous
357 3077 408 3158 qui
430 3076 571 3138 lemouds
591 3093 686 3138 arruns
709 3077 786 3138 tuiut
807 3077 845 3140 dc
865 3076 990 3139 couleur
1012 3077 1167 3155 sunguine.

176 3179 205 3243 Si
224 3197 299 3242 nous
322 3177 473 3241 toossiom
496 3194 577 3257 umys
600 3176 640 3238 du
662 3195 716 3256 roy
737 3176 774 3239 de
796 3176 930 3240 luniuers

251 3281 333 3343 Pour
356 3295 384 3342 ts
406 3277 474 3360 peix
494 3278 523 3340 le
544 3268 678 3359 pririons
701 3278 895 3358 cogneissant
917 3279 979 3359 quil
1002 3285 1030 3340 te
1052 3277 1146 3362 prise}

252 3381 290 3443 Et
311 3399 370 3463 que
391 3399 424 3444 as
446 3379 521 3461 pitie
542 3381 580 3442 de
601 3380 736 3459 reoit**)
758 3389 844 3443 notre
865 3380 925 3443 mel
946 3388 1011 3442 taut
1032 3397 1168 3460 peruers.

176 3481 247 3563 bopr
268 3491 299 3544 et
320 3481 357 3544 do
378 3481 480 3562 parler
500 3500 517 3543 u
538 3499 616 3544 nous
636 3482 713 3544 moin
736 3483 798 3562 quil
820 3471 850 3544 te
871 3482 979 3564 pluisep

136 3585 162 3635 ⁹5
252 3583 422 3646 Voluntiers
437 3581 599 3663 'purlerons
622 3591 653 3646 et
675 3603 782 3646 orrous
802 3602 856 3644 ror
877 3600 992 3664 propos

255 3685 295 3746 Ge
316 3683 449 3764 pendent
470 3701 528 3763 que
541 3687 606 3760 Μ)
628 3694 707 3757 veut,
730 3685 757 3746 si
780 3701 894 3748 comme
916 3684 936 3746 il
960 3684 1074 3762 luut†)‚
1097 3703 1130 3748 se
1152 3686 1238 3748 tuise.

177 3783 215 3847 Lu
235 3795 311 3848 terre
334 3803 373 3848 ou
394 3785 424 3848 ic
446 3785 555 3866 nocqui
577 3804 594 3848 a
616 3803 673 3849 sou
694 3786 775 3865 siege
798 3795 828 3849 et
848 3804 939 3866 repos

34 3823 43 3920 l
87 3899 454 3928 Ἢ

36 4019 37 4026 ,
136 3963 156 4026 *l
171 3967 249 4022 emt
267 3973 284 4023 1.
301 3973 326 4024 t.
337 3972 378 4023 3³.
397 3971 433 4025 cl.
452 3972 559 4022 Pasini
577 3972 679 4024 Codices
697 3973 753 4024 llss.
771 3973 881 4024 biblioth.
899 3988 949 4036 rep.
961 3973 1180 4026 Tausiubtbsuuci
1201 3991 1226 4040 p.
1237 3975 1294 4026 491.

91 4043 172 4101 tatto
188 4055 209 4104 iu
225 4055 398 4122 prsnrcridib.
417 4057 532 4108 literatos.
550 4057 586 4117 Vl,
604 4057 661 4108 stt.
680 4065 704 4108 et
721 4059 745 4108 iu
763 4058 892 4132 opusculis
911 4057 1044 4110 ecclesiast.
1063 4057 1093 4116 ll,
1113 4059 1191 4124 lsqq.
1211 4059 1261 4110 Pel
1272 4061 1293 4111 li

37 4145 39 4176 l
93 4137 180 4185 ueneris
195 4153 235 4202 per
249 4141 271 4192 la
289 4143 333 4196 sits
352 4142 376 4193 di
394 4141 477 4193 Dante.
495 4139 539 4192 Ed.
557 4141 586 4192 ll.
605 4157 628 4206 p.
641 4143 696 4192 175.
716 4143 845 4194 columb
864 4143 899 4192 de
916 4141 1046 4194 llutiues
1065 4143 1081 4193 Ι.
1101 4161 1120 4195 c.
1139 4159 1162 4208 p.
1181 4143 1239 4207 tlt,
1254 4146 1294 4197 48.

38 4223 39 4244 ἶ
139 4232 171 4294 ”l
185 4237 253 4303 lege:
269 4247 339 4294 seoir.

141 4333 187 4400 ”l
203 4341 352 4396 lossrsodurn
370 4345 477 4428 ridetur:
497 4347 527 4397 te.

143 4437 168 4498 tl
183 4440 284 4506 depone:
301 4451 351 4512 [cit.
