3136 5164
545 437 726 490 ruunnrouu
745 437 834 488 fflll.

189 657 341 719 Flammis.
385 658 428 717 he
449 655 537 718 veluti
561 655 682 718 tutando
704 665 826 735 pectora
848 659 941 719 scutis

189 766 284 828 Vertit
304 785 374 828 sese
395 767 478 830 aoies
500 767 532 827 in
554 783 658 846 gyrum
680 766 762 844 signa
785 775 896 841 secuta,

188 875 264 937 Tota
284 875 458 955 priusquam
474 859 511 936 'in
533 893 566 936 se
588 875 729 937 mutarier
750 875 855 936 ordine
878 878 990 956 possita

189 984 255 1047 Non
278 1003 366 1046 secus
388 984 438 1047 illa
460 985 570 1046 eohors
591 1000 716 1061 regnum
739 984 869 1046 eoeleste
892 985 1049 1056 colentum,

140 1105 173 1154 uu
191 1095 274 1168 Quae
296 1093 486 1174 procedebat,
508 1093 681 1172 pertransiit
702 1095 819 1170 agmine
839 1093 939 1173 longo,

189 1205 264 1266 Ante
286 1223 373 1265 suum
395 1203 527 1265 anterior
548 1220 635 1281 quarn
658 1211 736 1264 tento
759 1203 891 1264 flecteret
912 1223 1004 1266 arem.

232 1312 305 1375 lntle
327 1313 433 1374 iterum
456 1311 601 1391 nymphae
623 1313 659 1374 ad
682 1310 781 1374 radios
803 1313 918 1375 rediere
941 1321 1080 1386 rotarum,

190 1421 227 1484 m
248 1429 383 1483 sanetum
406 1421 537 1501 gryphus
559 1439 678 1483 currum
701 1421 745 1483 sio
766 1423 865 1496 movit,
888 1432 921 1484 ut
943 1441 1000 1485 uoa

189 1533 309 1594 hlarum
331 1531 430 1611 pluma
451 1530 531 1592 haud
553 1530 643 1592 hierit
664 1537 763 1592 umen
784 1531 841 1594 ieta
863 1543 1002 1594 tremore.

140 1663 172 1713 25
190 1644 227 1703 At
249 1661 325 1721 quae
347 1641 383 1702 ad
407 1640 569 1702 Lethaeum
590 1639 698 1702 mulier
718 1659 765 1701 me
788 1648 915 1703 traxerat
937 1659 1062 1716 amnem,

189 1753 227 1813 Et
248 1751 374 1812 Senarus
397 1769 511 1811 meeum
534 1748 600 1830 ipse
622 1759 726 1823 rotam,
750 1767 824 1830 quae
845 1751 962 1830 perlicit
984 1752 1086 1814 orbem

189 1863 298 1924 Areum
319 1861 397 1921 intra
418 1859 581 1932 minimum,
606 1877 709 1921 sumus
731 1877 788 1922 una
809 1879 888 1940 pone
911 1861 1015 1922 secuti.

189 1972 241 2033 Sie
263 1970 354 2032 altum
375 1968 580 2048 unnsquisque
602 1987 708 2030 nemus
731 1987 912 2049 vacuumque
933 1989 1101 2051 pererrans,

190 2080 273 2143 lllius
295 2078 391 2158 eulpa,
414 2097 490 2158 quae
512 2078 588 2140 lalso
609 2077 738 2139 eredidit
757 2078 854 2156 angui,

141 2207 173 2258 ao
189 2189 363 2268 angelicum
385 2187 421 2249 ad
444 2206 598 2249 numerum
626 2186 772 2266 gaudebat
793 2187 905 2266 lingere
926 2207 1042 2286 passus.

189 2299 227 2361 Et
249 2305 389 2380 quantum
411 2297 488 2358 trino
510 2295 639 2359 resolute
664 2296 766 2374 sagitta
787 2296 887 2359 volatu

190 2406 335 2471 Confieiat
356 2407 452 2487 spatii,
476 2407 587 2479 forsan,
611 2413 723 2468 tantum
745 2408 810 2486 ipse
832 2407 954 2469 videbar

190 2519 381 2597 Progressus,
404 2517 500 2580 donee
522 2535 610 2579 curru
631 2523 677 2576 est
698 2516 818 2596 delapsa
839 2516 980 2578 Beiram.

231 2627 350 2699 Nescio,
374 2627 443 2707 quid
466 2633 589 2688 ennotos
610 2635 778 2687 mussantes
799 2626 922 2687 innuere
946 2621 1057 2689 Adam!

141 2755 174 2808 aa
191 2739 289 2809 Sensi,
311 2737 363 2817 qui
386 2737 530 2817 quandam
553 2743 622 2797 sunt
644 2735 774 2814 plantam
797 2735 916 2814 ningere
937 2736 1033 2797 adorti

190 2846 338 2920 Floribus,
362 2855 450 2927 atque
472 2846 553 2907 omui
575 2844 732 2924 spoliatam
755 2844 870 2908 frondis
893 2846 1016 2907 honore.

190 2958 266 3019 Huic
287 2973 372 3019 roma
394 2953 462 3035 plus
484 2963 563 3017 tanto
585 2945 717 3034 spatiosa
738 2963 839 3034 patere
861 2955 985 3027 videtur,

191 3067 308 3141 Quanto
329 3065 404 3128 haee
425 3064 492 3145 plus
514 3064 592 3126 tollit
613 3083 697 3138 sose;
720 3074 749 3125 et
769 3064 912 3126 mirabilis
935 3065 1016 3126 ludis

189 3177 256 3240 Alto
280 3183 362 3239 esset
382 3175 487 3255 eapite,
510 3174 579 3236 huic
601 3173 728 3235 similem
751 3173 776 3235 si
800 3193 835 3234 ea
858 3173 929 3234 silva
952 3172 1076 3234 tulisset.

141 3295 174 3348 tu
232 3287 296 3348 l'ita
318 3285 403 3348 beata
423 3283 477 3346 tibi
500 3292 554 3357 est,
578 3284 628 3364 qui
648 3291 748 3344 rostro
770 3282 905 3344 scindere
926 3281 1038 3360 liguum

190 3395 282 3459 Dnloe
303 3395 361 3456 hoo
382 3394 512 3474 gustanti
534 3394 621 3470 rupis,
644 3411 662 3454 o
685 3411 789 3472 gryps3
811 3409 878 3454 narn
901 3391 976 3453 male
998 3398 1093 3453 tortus

190 3506 268 3568 llino
289 3503 362 3566 abiit
382 3501 497 3566 venter!
521 3502 572 3564 Sie
593 3502 673 3564 eirea
694 3502 802 3564 robora
824 3501 942 3582 plantae

191 3614 365 3678 Clamahant
385 3613 443 3676 alii.
486 3613 563 3674 'l'um
584 3612 718 3674 animans
739 3611 802 3672 vioe
825 3611 941 3690 duplice
964 3617 1064 3672 uatus:

191 3725 241 3788 Sie
263 3726 309 3786 las
332 3732 378 3786 est
399 3741 500 3784 semen
519 3722 593 3802 justi
616 3721 760 3802 cujusque
781 3720 868 3782 tueri.

141 3841 173 3896 ta
189 3838 285 3915 Atque
307 3833 345 3897 ad
366 3840 515 3894 temonem
536 3849 649 3904 versus,
672 3849 759 3910 quem
781 3837 909 3891 traxerat
930 3827 994 3898 alis,

188 3941 314 4005 Arboris
334 3949 402 4006 ante
423 3943 516 4022 pedes
537 3941 643 4003 viduae
664 3939 796 4020 raptavit,
820 3947 850 4000 et
870 3939 953 3999 illum

189 4054 281 4116 Istius
301 4059 408 4115 trunco
430 4051 585 4131 religatum
606 4049 693 4130 liquit
713 4049 743 4110 in
766 4048 832 4110 ista.

188 4163 285 4244 thue
307 4161 405 4224 solent
425 4161 515 4223 isthic
536 4159 663 4241 plantae,
686 4177 754 4221 oum
776 4157 887 4222 decidit
908 4157 968 4220 alto

187 4274 252 4336 Lux
273 4272 390 4349 ingens,
412 4285 519 4348 magno
542 4269 618 4332 lueis
639 4268 781 4349 permixta
804 4267 910 4340 nitore,

140 4391 173 4444 ao
189 4384 286 4456 Quem
307 4388 377 4461 post
398 4381 558 4444 coelestem
578 4379 693 4459 piseem
714 4377 829 4440 radiare
852 4375 994 4447 videmus,
